3500 5450
637 558 847 635 „41-

362 778 615 920 axungia
639 777 796 885 Porci
822 777 1109 894 tenacula.

144 968 246 1061 Rpe:
283 964 465 1068 lxungico
484 963 586 1042 Porci
795 970 993 1061 qrammotu
1012 963 1154 1036 ducenta
1265 967 1343 1039 tOO

281 1091 439 1170 llonzots
458 1091 669 1194 pulverum
796 1098 993 1188 urommctu
1012 1098 1092 1163 octo,
1319 1095 1343 1165 8

143 1222 365 1314 Digcrcntur
378 1221 415 1293 in
434 1221 569 1293 balneo
590 1240 711 1311 aquae
730 1240 798 1313 per
813 1220 909 1292 duas
929 1220 1149 1310 horosium
1165 1219 1344 1292 colentur.

261 1347 475 1443 [loquantum
497 1347 599 1419 Zinci
616 1346 769 1444 ouydoli.

438 1612 747 1722 llalsamum
774 1612 1062 1758 Copaivac.

260 1801 1345 1899 CopaiseroespeciesinprimisCopcheraofficinalisLinn.

148 1938 184 2005 et
236 1929 426 2025 Copaisero
478 1928 696 2001 Gatianensis
752 1930 1135 2018 DcsfontaineS,
1193 1930 1348 2002 arbores

146 2058 338 2131 Americae
371 2057 628 2132 meridionalis
661 2060 836 2153 tropicae.
871 2059 1136 2156 Moumioococ.
1168 2056 1346 2152 Corsolpi·

147 2209 281 2258 coccae.

256 2312 474 2385 Balsamum
501 2314 674 2387 naturale
708 2336 728 2387 e
761 2315 906 2388 truncis
936 2314 1114 2388 arborum
1143 2313 1347 2386 vulneratis

149 2443 316 2517 effluens.
359 2443 499 2536 Liquor
536 2444 607 2517 olei
644 2444 794 2538 pinguis
834 2444 1118 2531 consistentiac,
1156 2443 1345 2536 limpidus

147 2571 270 2643 flavus
282 2575 376 2644 aute
387 2572 486 2643 flavo
501 2570 716 2660 subfuscuS,
731 2572 909 2665 ponderis
919 2572 1080 2664 specifici
1092 2570 1347 2658 0·94-0·99,

148 2697 275 2772 odoris
294 2697 490 2792 peculiaris
509 2698 714 2789 balsamici,
744 2699 891 2792 sapon‘s
919 2719 1005 2773 cum
1025 2698 1152 2791 aliqua
1172 2697 1346 2772 acredine

148 2826 399 2900 amaricantis,

257 2952 425 3046 Limpidc
473 2954 644 3027 solvatur
695 2953 734 3027 in
782 2953 914 3047 spiritu
967 2953 1044 3028 vini
1093 2960 1346 3042 concentrato,

148 3081 308 3170 aethere,
349 3080 615 3154 chloroformio
661 3086 698 3154 et
744 3081 932 3155 carboneo
971 3082 1168 3155 sulfurato.
1232 3080 1347 3153 Lente

149 3208 370 3280 calefactum
389 3227 437 3279 nc
459 3205 594 3280 Oleum
613 3207 906 3280 Terebinlhinac
925 3209 1105 3282 redoleat.
1131 3208 1181 3280 ·ln
1211 3209 1348 3282 balneo
1376 3221 1385 3229 ·

148 3355 270 3427 aquae
292 3339 537 3426 evaporatum
551 3333 717 3407 resinam
736 3334 833 3408 laete
851 3334 1009 3423 fuscam,
1029 3333 1233 3426 limpidam,
1262 3339 1350 3427 post

148 3460 467 3552 refrigerationem
488 3462 660 3549 solidam,
690 3461 869 3553 fragilem,
899 3461 1123 3555 amomham
1151 3461 1349 3553 relinquat.

389 3782 699 3891 Balsamum
725 3782 1111 3899 Pornvionum.

259 3970 441 4065 Tolutfero
478 3971 640 4044 Pereirue
676 3970 897 4059 Baillon,
937 3970 1049 4042 arbor
1087 3969 1125 4042 in
1161 3969 1350 4042 montanis

148 4098 305 4171 civitatis
325 4097 400 4171 San
427 4097 612 4171 Salvador
643 4096 836 4170 Americae
863 4098 1050 4169 neutralia
1086 4095 1350 4194 Laqumiaosoe.

147 4224 430 4319 Popiliococcoc.

257 4352 398 4446 Liquor
413 4353 542 4447 syrupi
558 4353 679 4426 instar
687 4352 826 4440 lentus,
840 4373 919 4425 non
934 4351 1157 4444 glutinosae,
1169 4356 1269 4424 tactu
1282 4371 1348 4423 un·

149 4479 343 4572 guinosus,
362 4481 497 4554 coloris
513 4502 533 4554 e
548 4481 655 4572 nigro
667 4479 770 4570 fusci,
783 4479 822 4551 in
837 4479 965 4552 stratis
981 4478 1214 4552 tenuioribus
1229 4478 1351 4550 fusco-

147 4608 259 4696 rubri,
275 4607 465 4701 limpidus,
486 4608 705 4702 pellucidus,
725 4607 904 4700 ponderis
920 4607 1083 4701 specifici
1104 4607 1351 4695 rra-tic,

147 4724 349 4808 coactionis
380 4736 522 4827 acidae,
557 4736 594 4808 in
623 4742 709 4809 aere
740 4756 817 4808 non
842 4736 1065 4824 siccescens
1099 4734 1226 4807 odoris
1256 4733 1349 4825 grati
