3500 5450
662 518 902 590 -tlo-

181 734 426 826 pluriviltutiS,
456 735 581 809 odoris
614 736 810 829 peculiaris
845 736 1049 824 aromatici,
1080 737 1226 828 saporis
1252 735 1379 809 iervidi

179 861 311 953 juncta
330 862 536 935 dulcedine.

293 988 348 1061 Sit
377 996 559 1081 quantum
589 989 667 1061 fieri
687 996 811 1083 potest
826 990 1011 1082 stipitibus
1026 996 1063 1061 et
1082 989 1238 1080 glebulis
1255 991 1382 1062 terreis

182 1117 337 1209 aliisque
358 1117 564 1210 quisquiliis
582 1118 685 1191 liber.

292 1244 456 1317 Carene
476 1265 580 1317 merx
600 1244 803 1317 commixta
822 1243 959 1318 habeat
988 1244 1245 1337 schizocurpia
1279 1243 1382 1316 Cordi

184 1371 350 1444 rnomloti
389 1370 562 1463 (Lina),
602 1394 697 1464 quac
745 1371 850 1445 tacite
876 1371 1154 1465 distinguuntur
1187 1373 1382 1466 superficie

183 1519 340 1590 prorsus
375 1499 515 1589 glabra,
550 1501 664 1573 costis
702 1501 810 1573 valde
848 1499 1145 1593 prominentibus
1182 1499 1381 1573 undulato-

186 1626 398 1714 crenulatis,
432 1627 622 1700 valleculis
651 1627 821 1716 uviliaris,
859 1627 976 1700 odore
1015 1626 1254 1722 (humectatis
1283 1628 1382 1700 kalio

186 1752 490 1845 hydrooxydato)
512 1753 653 1826 herbae
666 1753 773 1827 Conii
792 1760 829 1828 et
844 1775 980 1847 sapore
995 1754 1146 1828 minime
1164 1755 1380 1828 aromatico.

296 1878 464 1975 Spiritus
493 1882 676 1954 Decoetum
698 1879 961 1976 Sorsopam'llae
993 1884 1214 1976 compositum
1240 1881 1382 1975 furtim.

185 2007 328 2080 Pitulue
342 2008 510 2081 laxantes.

486 2403 711 2512 llruotus
738 2402 1091 2511 Cardamomi.

296 2662 469 2736 Etettom’o
494 2662 763 2736 cardamomum
783 2662 931 2736 While
951 2669 987 2736 et
1006 2663 1169 2753 Matuu,
1189 2665 1319 2757 planta
1343 2665 1381 2737 in

186 2792 289 2864 silvis
309 2792 499 2865 montanis
518 2792 743 2864 Malabariae
764 2798 984 2883 spontanea.
1006 2790 1279 2888 Zmpiteroceoe.

292 2920 477 3012 Capsulae
497 2920 625 2991 orales
654 2924 718 2990 aut
746 2919 941 3010 oblongae,
966 2919 1098 2992 obtuse
1118 2919 1300 3011 trigonae,
1325 2942 1382 2992 ro·

186 3048 294 3121 stello
320 3046 434 3141 brevi,
462 3051 645 3134 truncam,
674 3067 826 3118 sursum
855 3047 1024 3120 tubulato
1054 3053 1264 3136 coronatae,
1299 3049 1381 3121 basi

185 3175 405 3267 plerumque
443 3175 665 3246 rotundatae
702 3178 738 3245 et
765 3173 908 3265 passim
940 3172 1100 3246 breviter
1127 3175 1382 3267 pedicellatae,

186 3323 303 3374 unum
322 3302 370 3374 ad
391 3303 466 3374 duo
487 3300 705 3374 centimetra
724 3283 870 3392 longae,
886 3301 1093 3393 pericarpio
1105 3307 1213 3374 extus
1223 3304 1381 3395 longitu-

186 3430 357 3501 dinaliter
376 3429 518 3516 striato,
539 3428 675 3501 coloris
704 3428 896 3501 straminei
921 3429 980 3501 vel
1008 3428 1252 3517 tlavescentis,
1274 3430 1380 3502 char·

185 3561 303 3643 taccu,
319 3556 449 3644 tenaci,
465 3556 709 3644 triloculares
725 3556 763 3629 iu
777 3556 935 3648 singulis
949 3555 1210 3629 loculamentis
1221 3557 1382 3648 plerum-

186 3706 257 3775 que
277 3683 485 3756 seminibus
501 3683 675 3776 quinque,
693 3682 943 3776 irregulariter
958 3684 1154 3775 angulatis,
1170 3689 1381 3758 transverse

114 3910 116 3915 Ι
186 3811 345 3903 rugosis
375 3810 463 3884 hino
488 3812 593 3883 sulco
627 3811 799 3900 exaratis,
828 3833 873 3884 ex
902 3812 1014 3883 rubro
1042 3811 1167 3899 fuscis
1196 3813 1300 3884 arillo
1329 3817 1380 3884 te·

186 3939 646 4011 nerrimomembranaceo
658 3938 932 4027 vestitisduris,
943 3936 1044 4011 intus
1056 3938 1381 4030 albisamylaceis

185 4066 311 4138 odoris
331 4066 494 4159 pergrati
513 4070 550 4138 ct
568 4066 714 4138 intense
740 4064 944 4147 aromatici,
974 4065 1120 4156 saporis
1137 4066 1276 4138 fervide
1299 4087 1379 4138 aro·

185 4194 320 4267 malici.

293 4320 515 4394 Adhibenda
544 4316 686 4396 Senln
704 4319 841 4411 rejecto
869 4319 1076 4412 pericarpio
1105 4319 1231 4392 odoris
1261 4325 1297 4392 et
1321 4342 1380 4392 sa-

186 4449 291 4543 poris
328 4448 482 4541 experti.
527 4446 729 4538 Rejicialur
766 4469 871 4520 merx
915 4447 1038 4519 minus
1076 4447 1279 4519 aromatica
1317 4448 1388 4519 sub

184 4578 334 4649 nomine
370 4576 642 4648 cardamomum
676 4575 816 4662 lompum
854 4576 913 4646 vel
956 4572 1176 4669 Ccylonirmu
1201 4579 1301 4663 nola,
1335 4575 1382 4647 si·

185 4709 291 4777 stans
321 4704 496 4795 capsulas
525 4704 642 4775 multo
686 4702 905 4789 validioreS,
947 4702 1166 4793 plerumque
1200 4708 1384 4790 arcuatas,
1450 4779 1452 4781 ,
