3500 5450
621 559 838 633 -73-

511 880 708 991 Cortex
734 881 944 991 Satiris.

238 1107 340 1181 Salia
372 1104 453 1178 alba
490 1106 634 1196 Linn.‚
674 1105 775 1180 Salia
791 1106 947 1203 fragilis
983 1106 1130 1195 Linn.,
1170 1111 1208 1180 et
1232 1106 1327 1179 aliae

129 1235 259 1308 Selicio
286 1232 443 1326 species
473 1232 628 1306 arbores
658 1238 695 1306 et
724 1233 875 1305 frutices
906 1234 955 1306 ad
984 1234 1127 1307 rivulos
1148 1240 1185 1306 et
1203 1234 1328 1306 fossas

129 1364 267 1456 ubique
288 1366 511 1436 crescentes.
532 1359 738 1434 Salicuceue.

237 1490 371 1563 Cortex
390 1511 410 1562 e
429 1488 543 1561 ramis
568 1488 722 1561 bimulis
750 1488 986 1581 trimulisque
1006 1489 1127 1580 primo
1152 1509 1237 1561 vere
1264 1489 1326 1560 de·

127 1625 266 1692 tractus
286 1623 323 1691 et
341 1618 413 1689 cito
434 1616 608 1705 siccatus
645 1616 794 1705 flexilis,
834 1620 957 1704 tenax,
996 1616 1044 1689 ad
1072 1615 1327 1687 millimetrum

127 1769 245 1820 unum
279 1767 442 1832 crassus,
473 1743 513 1816 in
541 1743 737 1836 superficie
766 1748 921 1816 externa
948 1745 1077 1816 fuscus
1105 1743 1165 1815 vel
1193 1741 1326 1815 viride-

128 1891 250 1963 scens
271 1873 535 1961 laeviusculus‚
556 1893 634 1945 non
653 1893 738 1945 raro
759 1872 894 1960 nitens,
910 1872 946 1944 in
968 1871 1161 1964 superficie
1181 1871 1328 1943 interna

126 1994 265 2096 pallide
303 2001 587 2074 cinnamomeus
625 2000 685 2073 vel
702 2055 706 2064 .
721 2000 853 2087 ssavus
897 2000 1028 2085 laevis
1074 2000 1236 2071 fractura
1274 1998 1326 2070 la-

127 2127 457 2215 melloso-fibrosa‚
495 2126 534 2198 in
572 2131 768 2218 segmento
808 2130 1027 2198 transverso
1071 2126 1209 2198 flavido
1265 2131 1329 2198 aut

128 2254 463 2329 rubicundofusco
475 2254 612 2328 librum
631 2253 898 2346 angustissime
913 2254 1145 2326 tessellatum
1163 2253 1329 2345 probans

128 2389 165 2481 et
193 2384 378 2456 solutione
408 2383 524 2456 diluta
549 2383 635 2456 ferri
661 2381 948 2475 sesquichlorati
975 2381 1138 2454 colorem
1169 2380 1329 2453 induens

127 2534 173 2586 ex
192 2511 301 2584 viridi
319 2511 574 2603 nigricantem.
598 2510 666 2584 Est
685 2510 833 2604 saporis
855 2509 974 2581 amari
994 2514 1030 2580 et
1050 2507 1328 2599 adstringentis,

621 2847 833 2958 Crocus.

245 3074 374 3148 Crocus
391 3074 524 3147 activus
542 3073 677 3162 Linn.‚
696 3074 827 3168 planta
844 3073 1026 3148 tuberosa
1047 3072 1084 3144 in
1104 3069 1255 3143 Oriente
1275 3070 1330 3142 in·

128 3202 273 3296 digena,
301 3202 339 3275 in
368 3203 481 3275 variis
501 3202 675 3294 Europae
694 3201 876 3294 partibus,
895 3199 1077 3294 imprimis
1096 3199 1134 3270 in
1155 3197 1275 3270 Gallia
1295 3202 1331 3270 et

128 3329 313 3423 Hispania
332 3330 443 3403 culta.
465 3329 653 3402 lridoeeoe.

237 3457 420 3551 Stigmata
430 3463 537 3531 tema
546 3457 648 3530 floris
665 3478 685 3530 e
701 3457 799 3547 stylo
814 3456 978 3529 filiformi
994 3461 1075 3528 orta
1090 3454 1330 3541 subarcuata

128 3586 316 3674 tubulosa,
345 3585 394 3658 ad
414 3583 484 3658 tria
504 3585 723 3658 centimetra
746 3586 870 3677 longa,
904 3605 1057 3657 sursum
1077 3582 1240 3672 dilatata,
1270 3581 1331 3653 hic

129 3713 200 3786 tria
215 3713 263 3786 ad
279 3718 441 3806 quatuor
459 3713 674 3786 millimetra
687 3713 773 3801 lata,
793 3713 996 3785 introrsum
1016 3711 1142 3797 incisa,
1162 3710 1330 3802 margine

128 3840 320 3934 superiore
359 3841 552 3913 crenulato
590 3840 804 3928 lutescenti;
854 3841 994 3913 siccata
1017 3838 1148 3930 rigida,
1185 3836 1331 3928 fragilia

130 3968 362 4060 glaberrima,
383 3967 585 4056 subnitida,
605 3973 772 4042 saturate
791 3968 1042 4054 flisco-rubra,
1069 3964 1196 4039 odoris
1217 3984 1328 4057 pecu-

128 4095 232 4168 liaris
247 4097 458 4188 fragrantis
485 4097 632 4189 saporis
648 4096 768 4168 amari
794 4095 998 4184 aromatici,
1024 4093 1210 4181 subacris,
1241 4092 1327 4165 sali·

129 4245 218 4297 vam
237 4223 359 4296 colore
380 4223 599 4296 aurantiaco
618 4223 812 4315 tingentia.

239 4350 515 4442 Centigramma
534 4370 652 4423 unum
672 4350 778 4423 Croci
798 4347 957 4442 praebet
975 4369 1061 4421 eum
1086 4347 1179 4420 litris
1208 4368 1329 4440 aquae

130 4476 249 4549 tribus
268 4476 393 4550 adhuc
412 4475 575 4549 colorem
595 4476 690 4549 belle
710 4478 860 4549 flavum.
882 4474 1107 4547 Combustus
1123 4474 1262 4547 Crocus
1282 4496 1329 4546 ne

130 4604 217 4698 plus
239 4625 353 4696 quarn
372 4624 418 4676 ex
437 4607 588 4676 centum
607 4603 776 4695 partibus
803 4607 888 4676 octo
908 4601 1043 4673 cineris
1063 4607 1192 4693 partes
1219 4599 1328 4674 relin-

133 4735 236 4823 quat.
