3500 5450
875 540 1119 612 -lld—

400 754 559 847 spoliata
587 776 706 847 aeque
736 776 779 827 ao
812 757 959 831 radices
985 758 1142 831 aliarum
1171 759 1381 851 specierum
1408 756 1597 852 Ipomoeae,

401 887 441 954 ui
460 881 566 956 radix
579 883 734 974 lignosa,
753 884 792 956 in
811 885 974 958 lraoiura
988 886 1095 958 valde
1110 886 1251 958 fibrosa
1265 884 1447 980 Ipomoene
1470 883 1595 955 Oriza-

400 1009 510 1082 bense's
539 1010 826 1102 (Ledanois)‚
861 1013 932 1085 sub
963 1015 1113 1085 nomine
1147 1012 1298 1085 Radicis
1326 1012 1480 1104 Jalapae
1504 1013 1596 1085 levis

400 1160 469 1211 seu
500 1138 704 1211 fusilormis
726 1137 888 1235 (Stipites
906 1138 1073 1235 dalepoe)
1094 1144 1193 1227 nota,
1214 1143 1279 1212 aui
1296 1139 1402 1211 radix
1417 1139 1596 1212 tuberosa

399 1264 579 1361 Ipomoeae
610 1265 812 1339 simulantis
847 1267 1110 1359 (Hanbury),
1143 1267 1272 1339 similis
1302 1268 1452 1359 quidem
1483 1266 1596 1339 radici

398 1393 551 1486 Jalapae
580 1414 706 1483 verae,
737 1395 803 1468 sed
833 1395 998 1468 resinam
1026 1395 1212 1488 praebens
1243 1395 1281 1467 in
1307 1395 1457 1468 aethere
1486 1395 1596 1486 plane

400 1521 609 1594 solubilem.
944 1495 948 1531 ¹

508 1648 650 1721 Rese'ao.
670 1648 809 1723 Piluloe
827 1650 995 1722 laxantes,

734 2009 911 2119 Radix
929 2009 1267 2152 Liquiritiao.

514 2231 745 2330 Glyoyrrliza
758 2232 881 2331 pluere
897 2235 1035 2324 Linn.,
1054 2236 1183 2328 planta
1201 2232 1378 2326 perennis
1393 2231 1431 2303 in
1447 2231 1595 2323 Europa

399 2360 617 2440 australiore
645 2367 681 2434 el
709 2362 747 2434 in
765 2362 856 2435 Asia
885 2361 1253 2435 austro-oooidentali
1282 2360 1466 2451 indigena,
1495 2358 1594 2449 apud

399 2509 470 2561 nos
491 2492 528 2561 ei
546 2487 583 2560 in
604 2488 684 2561 aliis
709 2490 818 2563 terris
841 2490 985 2582 passim
1005 2490 1115 2563 culta.
1148 2488 1407 2585 Leguminosee.
1434 2484 1592 2579 Popilio·

398 2638 532 2688 nareae.

509 2744 645 2817 Frusta
654 2745 790 2818 radicis
801 2746 961 2818 siooalae
982 2745 1191 2837 cylindrica
1206 2745 1330 2818 variae
1347 2742 1595 2835 longitudinis

397 2871 586 2965 usquead
608 2873 681 2945 duo
703 2873 923 2945 centimelra
952 2894 1092 2962 crassa,
1119 2873 1346 2965 ponderosa,
1372 2871 1527 2956 tenacia,
1555 2870 1593 2941 in

397 3001 561 3073 fractura
590 3021 722 3092 grosse
752 3006 788 3074 et
816 3000 935 3092 rigide
964 3000 1117 3087 fibroso,
1148 3006 1256 3074 extus
1286 3021 1306 3071 e
1337 2999 1459 3090 griseo
1479 2999 1593 3083 lusca,

397 3148 530 3218 grosse
564 3128 882 3221 rugoso-sulcata,
921 3127 959 3199 in
998 3129 1163 3200 sectione
1202 3134 1422 3200 transversa
1459 3124 1593 3197 coloris

397 3254 557 3326 obscure
589 3255 688 3342 ssavi,
720 3260 756 3328 et
785 3256 921 3328 ooriiee
942 3256 1193 3329 crassiuseulo
1219 3260 1256 3328 et
1279 3255 1380 3345 ligno
1401 3257 1593 3344 compacto

399 3403 530 3475 grosse
574 3382 745 3455 radiatim
790 3383 932 3471 striato,
981 3383 1127 3475 saporis
1175 3381 1293 3454 duleis
1341 3402 1427 3452 eum
1474 3380 1595 3470 aliqua

397 3510 583 3582 acredine.

506 3636 725 3710 Extremum.
745 3637 926 3710 Deeoeieem
946 3636 1205 3732 Sarsoperillue
1224 3636 1449 3731 compositum
1465 3635 1595 3726 fortius

397 3768 428 3834 ei
465 3764 595 3836 mitius.
644 3762 777 3860 Species
823 3763 1000 3837 Althaeae.
1041 3763 1175 3859 Species
1226 3762 1427 3860 lipporum.
1466 3761 1595 3858 Species

392 3890 589 3984 pectorales.

588 4229 764 4339 Radix
789 4232 1110 4374 Liquidum
1135 4231 1413 4341 mundato.

512 4454 744 4551 Gipeyrrhiea
780 4454 938 4527 echinato
986 4458 1122 4545 Liun,
1169 4457 1298 4549 planta
1340 4456 1526 4548 perennis,
1555 4457 1591 4527 iu

396 4583 545 4675 Europa
564 4582 882 4656 austro-orientali
903 4587 939 4654 at
958 4583 996 4655 in
1016 4583 1105 4656 Asia
1132 4584 1352 4657 occidentali
1372 4588 1590 4675 spontanea.

397 4709 657 4808 Leguminosae.
684 4708 958 4804 Popiliouoeeue.
