3500 5450
883 539 1120 612 -t40-

399 777 574 848 saporem
594 777 763 829 amarum
783 758 921 849 perdit;
949 758 1073 850 liquor
1092 758 1251 831 tiltratus
1280 756 1378 829 kalio
1407 757 1596 830 chromico

399 883 525 956 addito
544 904 592 955 ne
612 885 791 957 turbetur.

508 1011 682 1083 Servetur
701 1013 738 1084 in
757 1013 851 1085 vitro
871 1012 944 1085 luci
962 1012 1153 1105 impervio.

516 1136 702 1210 Trochisci.

798 1387 939 1531 Sapo
973 1388 1206 1499 latinus.

507 1612 606 1703 Sapo
635 1613 790 1701 venalia,
820 1613 990 1688 coctione
1018 1614 1103 1686 kalii
1132 1613 1407 1706 hydrooxydati
1426 1614 1536 1688 soluti
1555 1622 1590 1689 et

398 1738 469 1810 olei
497 1739 645 1831 pinguis
664 1746 830 1832 paratuS,
860 1741 1011 1814 exhibet
1030 1763 1198 1814 massam
1226 1742 1379 1814 mollem
1401 1741 1587 1835 lubricam,

398 1866 533 1939 coloris
554 1867 703 1940 sordide
723 1868 827 1957 fusci,
847 1868 974 1941 odoris
993 1868 1191 1961 peculiaris
1211 1869 1353 1961 ingrati.

505 1993 592 2067 Auri
611 1995 804 2087 expositus
823 2016 903 2068 non
922 1996 1084 2070 durescit
1091 2019 1100 2085 ;
1129 1997 1168 2068 in
1193 2018 1294 2088 aqua
1313 2001 1349 2069 et
1368 1996 1499 2088 spiritu
1517 1999 1585 2071 vini

397 2119 502 2193 facile
522 2122 698 2212 solvatur,
723 2123 807 2195 oleo
826 2123 930 2196 nullo
951 2125 1158 2197 secedente.

506 2246 666 2343 Spiritus
686 2249 838 2346 Saponis
857 2250 981 2322 latini.
1009 2249 1228 2348 Unguentum
1247 2251 1476 2345 sulfuratum.

740 2571 881 2715 Sapo
908 2572 1257 2682 medicinalis·

396 2795 502 2889 Rpe:
532 2792 645 2873 Natrti
665 2794 929 2899 hydrooryrlnti
949 2797 1062 2875 soloti
1082 2822 1118 2899 p.
1139 2821 1196 2899 sp.
1217 2796 1293 2873 loa

938 2932 1141 3024 grammato
1160 2932 1294 2998 carium
1518 2930 1584 3000 100

396 3052 583 3125 calefactis
604 3054 745 3127 sensim
765 3054 929 3127 admisce
949 3055 1045 3127 inter
1064 3055 1279 3128 continuam
1298 3055 1538 3146 agitationem

530 3177 713 3282 liturgico
733 3178 837 3257 Porci
857 3179 1026 3278 recentis,
1047 3178 1121 3258 loni
1141 3179 1266 3258 calore
1285 3179 1447 3282 liquatae

936 3316 1138 3407 qroonnata
1157 3309 1315 3382 ducenta.
1516 3308 1585 3382 QUO

503 3437 678 3510 Mixtione
706 3442 858 3529 peracta
892 3438 930 3509 in
966 3437 1101 3510 balneo
1140 3458 1260 3530 aquae
1299 3443 1399 3510 stent
1436 3437 1585 3509 subinde

394 3564 579 3655 agitanda,
600 3565 719 3638 donec
739 3566 903 3657 axungia
920 3565 1070 3657 penitus
1092 3564 1323 3657 disparuerit.

502 3691 628 3764 Massa
655 3693 932 3784 refrigeratione
961 3692 1135 3764 indurata
1160 3692 1198 3763 in
1226 3691 1374 3765 tabulas
1405 3692 1527 3765 scissa
1552 3691 1585 3763 in

393 3818 475 3891 loco
495 3825 700 3911 temperato
722 3822 891 3895 siccetur.

503 3947 558 4020 Sit
576 3947 695 4036 albus,
715 3952 841 4040 durna,
862 3948 1008 4040 saporis
1028 3947 1127 4020 mitis
1148 3947 1305 4034 alcalini,
1333 3969 1410 4019 non
1430 3947 1584 4035 constiti,

390 4074 429 4147 in
449 4096 549 4167 aqua
569 4079 605 4147 et
624 4075 755 4167 spiritu
773 4075 849 4147 vini
867 4076 979 4168 plane
1000 4074 1182 4148 solubilis,

502 4203 699 4296 Saponem,
727 4204 790 4296 qui
820 4203 1130 4276 efflorescentiam
1150 4201 1401 4291 crystallinam
1431 4203 1582 4275 enatrio

392 4331 590 4403 carbonico
603 4336 836 4404 constantem
848 4330 1004 4420 exhibet,
1016 4329 1186 4401 nondum
1195 4329 1581 4422 perfectedepuratum

392 4463 429 4530 et
448 4459 626 4530 siccatum
647 4479 813 4531 censeas.
834 4458 961 4532 Pulvis
981 4455 1218 4549 crystallinus
1244 4456 1454 4529 adhaerens
1475 4457 1581 4530 deter-

392 4585 513 4676 gendo
533 4589 779 4658 removeatur.

499 4710 640 4785 Pilolae
658 4711 824 4784 luxantes,
