3500 5450
878 523 1107 596 -174-
1201 528 1205 538 '

397 762 466 814 nec
480 743 598 833 baryo
613 740 745 815 uitrico
759 762 840 831 nec,
858 741 985 814 addito
1002 740 1109 815 acido
1129 742 1269 835 uitrico,
1291 749 1446 835 argento
1465 744 1595 818 nitrico

397 870 594 942 confestim
613 869 793 958 turbetur,
815 869 1007 941 ammonio
1027 870 1174 943 oxalico
1194 877 1393 963 praesente
1405 873 1593 946 ammonio

395 996 565 1069 chlorato
593 996 839 1089 perexiguum
871 996 1024 1070 nonnisi
1051 996 1110 1070 vel
1138 996 1285 1071 nullum
1312 998 1592 1092 praecipitatum

396 1123 588 1197 efficiatur.

504 1248 724 1349 Mapnesium
743 1250 903 1323 uitricum
921 1250 1146 1347 pierrescens.
1164 1250 1270 1324 Polio
1287 1249 1463 1349 Mopucsii
1481 1252 1594 1326 uitrici

397 1377 624 1475 ffluuesceus.
645 1377 770 1451 Puluis
789 1377 1017 1473 dmlifricius
1037 1377 1146 1451 albus.
1254 1433 1256 1436 -

674 1665 1017 1808 Magnesiam
1053 1664 1315 1784 uitricum.

396 1888 500 1983 Rpe:
530 1885 632 1965 lolli
653 1885 770 1964 uitrloi
939 1896 1142 1985 promurale
1161 1890 1424 1988 quinquaqinta
1542 1892 1591 1965 50

394 2016 431 2089 in
453 2038 543 2090 vase
562 2017 801 2110 porcellaneo
822 2038 908 2089 cum

532 2141 876 2244 Aqnnollootlllntno
904 2144 1077 2241 promotis
1090 2150 1223 2217 centum
1237 2145 1497 2244 quinquaqinta
1520 2146 1591 2221 150

397 2271 573 2344 calefiant
599 2293 723 2365 usque
744 2271 793 2344 ad
814 2271 1071 2345 ebullitionem
1098 2276 1135 2344 et
1154 2272 1300 2366 partitis
1320 2273 1465 2346 vicibus
1493 2273 1590 2366 inge·

395 2404 527 2472 rantur

531 2523 704 2626 bagnosii
722 2522 907 2604 corbertini

883 2661 1087 2752 prommoiu
1106 2655 1255 2752 tripinia
1276 2657 1441 2754 quinque.
1542 2657 1588 2731 35

503 2783 1230 2876 Effervescentiaperactastetsolutioin
1244 2786 1380 2860 balneo
1397 2807 1518 2878 aquae
1529 2807 1591 2879 per

395 2910 645 3005 quadrantem
677 2909 796 2983 borae
822 2915 859 2983 et
885 2910 1008 2985 adbuc
1028 2912 1151 2987 calida
1169 2912 1339 2986 filtretur.
1378 2914 1519 3006 Liquor
1536 2934 1589 2985 se-

394 3044 559 3133 ponatur
587 3039 625 3112 in
658 3039 783 3112 locum
813 3038 991 3130 frigidum
1022 3060 1090 3133 per
1121 3039 1251 3131 viginti
1280 3044 1445 3133 quatuor
1472 3060 1590 3132 usque

394 3166 546 3258 triginta
565 3187 634 3240 sex
658 3167 785 3239 horas.
805 3166 933 3239 Massa
950 3166 1038 3239 inde
1054 3172 1164 3240 enata
1178 3187 1336 3240 caseosa
1352 3167 1590 3260 expressione

393 3315 461 3388 per
479 3315 648 3388 pannum
667 3315 690 3367 a
708 3293 849 3388 liquido
875 3299 1071 3387 separetur
1091 3298 1126 3367 et
1151 3295 1320 3385 contrita,
1340 3299 1591 3387 temperatura

394 3423 470 3496 u50
488 3443 567 3495 non
582 3423 797 3511 excedente,
817 3421 979 3495 siccetur
993 3427 1106 3514 atque
1120 3421 1160 3494 in
1178 3422 1372 3515 pulverem
1391 3423 1588 3515 redigatur.
1622 3410 1629 3427 ’

505 3550 560 3623 Sit
588 3548 749 3639 albidus
769 3550 847 3623 fere
878 3548 1074 3641 insipidus,
1108 3548 1309 3622 reactionis
1344 3549 1522 3639 acidulae‚
1554 3550 1591 3621 in

394 3699 495 3770 aqua
515 3675 684 3751 bullienti
703 3676 810 3749 facile
831 3675 1014 3749 solubilis.

489 3962 830 4107 Magnesium
852 3963 1097 4073 uitricum
1121 3962 1497 4073 effervescens.

394 4190 494 4283 Rpe:
529 4186 698 4290 Nagnosil
720 4183 904 4266 carlo-tal
941 4196 1142 4285 praumato
1172 4189 1298 4285 cipiuli
1317 4187 1469 4286 quinque
1543 4186 1589 4258 lb

528 4310 629 4391 loru
649 4313 769 4392 citrini
788 4336 916 4417 grosso
938 4311 1119 4415 pulveral!

935 4441 1527 4540 praumatoseptuopinloquinque
1543 4442 1588 4514 75

393 4595 479 4646 cum

531 4697 651 4798 luero
671 4693 886 4775 destillctoo
939 4697 1111 4813 pronubis
1130 4697 1239 4770 duno
1546 4698 1590 4770 10
