3500 5450
637 579 846 653 „43-

630 794 860 914 uenale.

565 1006 719 1086 Resina
741 1008 915 1087 Benzue.

256 1198 386 1298 Styrus
418 1200 576 1273 Beazot'u
618 1203 862 1294 Dryander,
901 1203 1014 1275 arbor
1045 1206 1268 1297 praesertim
1306 1206 1344 1278 in

144 1328 320 1401 Sumatra
339 1328 518 1420 indigena
539 1335 576 1403 et
596 1330 708 1403 culta.
739 1328 932 1427 Styraceue.

256 1456 396 1529 Suceus
416 1456 621 1545 resinusuS‚
656 1463 792 1551 sponte
825 1459 886 1531 rel
914 1459 1012 1532 facta
1041 1460 1185 1533 arboris
1214 1462 1344 1535 vulne-

143 1585 289 1656 ratione
321 1584 509 1677 proiunda
543 1586 711 1672 effluens,
746 1592 831 1658 a‘e’re
865 1586 1070 1676 induratus,
1105 1588 1201 1660 sistit
1229 1611 1347 1680 grana

147 1712 573 1804 rotundato-angulata,
616 1713 742 1805 quoad
784 1714 1082 1806 magnitudinem
1122 1716 1348 1809 inaequalia,

146 1840 213 1912 sed
231 1839 452 1932 plerumque
472 1840 666 1932 ampliora,
694 1861 819 1932 usque
840 1841 889 1913 ad
917 1842 1101 1914 nonnulla
1129 1843 1348 1917 centimetra

147 1967 185 2039 in
219 1967 400 2040 diametro
433 1966 580 2040 resinae
602 1968 757 2056 solidae,
788 1967 924 2040 eoloris
952 1968 991 2041 in
1018 1971 1180 2043 fractura
1207 1972 1346 2044 recenti

149 2095 335 2168 conchata
362 2094 485 2184 lactei,
515 2117 621 2169 cerae
650 2096 770 2168 instar
797 2096 959 2185 nitentis
995 2119 1091 2190 quae
1130 2100 1347 2172 substantia

148 2221 294 2314 exigua,
327 2222 462 2315 partim
483 2245 630 2315 perosa,
666 2244 809 2317 aspera,
843 2222 987 2312 friabili,
1020 2224 1347 2319 adipose-nitente,

148 2348 282 2422 coloris
302 2372 321 2423 e
341 2350 657 2443 subrubeo-grisei
676 2350 735 2424 vei
755 2350 1150 2442 griseo-luscescentis,
1180 2354 1219 2426 in
1247 2354 1344 2444 trag-

148 2477 284 2550 mentis
312 2476 489 2549 tenuibus
520 2476 727 2567 diaphaua,
757 2478 797 2550 in
825 2499 974 2556 massas
1002 2478 1228 2571 irregulares
1258 2500 1345 2552 con·

148 2608 250 2676 creta
267 2608 364 2676 sunt.

255 2731 322 2803 Est
349 2730 498 2804 Benzoel
524 2732 648 2805 odoris
673 2732 875 2823 gratissimi
904 2733 1112 2807 vanillaeei.
1142 2735 1185 2808 In
1214 2735 1345 2828 spiritu

146 2858 222 2930 vini
242 2857 317 2930 leni
336 2858 459 2931 calore
479 2859 555 2932 iere
575 2880 622 2932 ex
641 2865 720 2934 tote
741 2861 909 2934 solvitur.
941 2862 1085 2935 Solutiu
1104 2863 1242 2936 filtrata
1262 2883 1347 2935 cum

146 3005 246 3077 aqua
266 2984 450 3077 liquorem
468 2985 634 3059 lacteum
652 2988 853 3061 reactionis
874 2989 1004 3062 acidae
1022 2991 1188 3082 praebet.

260 3128 437 3203 Tinctum.
458 3131 628 3228 axungia
647 3131 754 3205 Porci
773 3130 949 3206 benenate.

383 3452 718 3563 Bismuthum
747 3455 1117 3574 subnitrieum.

490 3664 769 3769 Magisterium
791 3666 1003 3745 Bismuthi.

147 3857 249 3952 Rpe:
279 3853 456 3934 utinum
475 3855 663 3936 subtiliter
677 3858 858 3959 uulnerati
882 3862 1237 3959 grammatudacenta
1267 3864 1345 3937 000

284 3982 518 4061 11011ιί010
884 3997 1082 4086 graminum
1101 3991 1225 4088 viginti
1295 3991 1346 4064 20

151 4113 276 4186 intime
292 4114 409 4185 mixta
423 4113 461 4185 in
483 4114 682 4206 eruribulq
695 4116 818 4190 calore
835 4118 979 4191 sensim
998 4124 1121 4207 aucto,
1140 4118 1348 4210 liquescant

149 4245 185 4314 et
223 4240 375 4332 saepius
423 4241 599 4331 agitando
645 4265 712 4337 per
759 4245 1005 4336 quadrantem
1053 4246 1169 4319 horae
1216 4245 1346 4319 fluant.

148 4367 340 4440 Metallum
377 4367 621 4459 liquefactum
667 4371 707 4443 in
754 4394 895 4465 aquam
943 4375 1104 4447 effusum
1151 4396 1174 4446 a
1219 4374 1349 4446 scoriis

149 4499 356 4587 separetur.

196 4651 199 4658 ²
285 4618 394 4721 liujus
415 4617 552 4700 metalli
572 4624 718 4724 purgati
738 4624 881 4704 raditur
901 4627 1079 4728 uulnerati

882 4763 1079 4852 grammata
1099 4763 1228 4829 matrim
1273 4758 1347 4830 100
