3500 5450
622 561 859 633 -115-

137 777 349 870 perpusillis
378 777 523 866 albidis
554 778 792 851 solummodo
826 781 898 852 sub
931 781 1029 854 lente
1057 782 1170 875 plane
1199 781 1337 855 destin-

137 905 306 996 guendiS,
327 926 542 999 conspersa,
563 904 709 997 saporis
729 906 981 997 amariusculi,
1000 909 1179 983 subacris.

246 1032 352 1105 Folia
371 1053 391 1106 e
410 1033 540 1126 planta
553 1032 716 1105 ilorifera
740 1033 988 1127 decerpenda,
1009 1035 1081 1109 cito
1103 1036 1283 1111 siccanda
1302 1044 1338 1111 et

137 1159 276 1233 invase
290 1162 384 1233 bene
401 1160 530 1233 clauso
546 1164 654 1233 caute
666 1160 869 1248 servanda3
890 1163 1091 1256 quotannis
1106 1164 1335 1237 renovanda.

246 1284 459 1360 Detractum.
482 1286 661 1360 Tincluru.

572 1755 724 1865 llolio
751 1754 908 1865 Uoco.

244 1994 502 2094 Erythrocylon
528 1996 618 2071 Coeo
637 1999 861 2088 Lamarek,
871 1999 992 2072 frutex
1008 2005 1142 2093 sponte
1162 2022 1337 2075 crescens

138 2129 176 2197 et
195 2125 316 2198 cultus
337 2125 374 2197 in
392 2124 550 2198 Peruvia
569 2132 606 2199 et
624 2126 777 2198 Bolivia.
798 2125 1122 2223 lllrylhrooploceoe.

246 2252 349 2324 Folia
367 2254 508 2327 siccata
525 2254 713 2345 petiolata,
740 2255 874 2343 oralia,
904 2256 1065 2329 obovata
1085 2255 1144 2328 vel
1164 2255 1336 2347 oblonga,

137 2380 300 2473 quinque
321 2381 369 2452 ad
385 2401 451 2454 sex
466 2381 681 2455 centimetra
699 2382 823 2473 longa,
839 2388 1070 2470 mucronata,
1086 2381 1335 2474 integerrima,

135 2506 273 2595 tenuia,
283 2506 415 2599 rigida,
426 2509 581 2600 fragilia,
592 2529 754 2601 superne
765 2509 915 2582 sordide
930 2509 1074 2598 viridia,
1085 2510 1218 2583 subtus
1229 2509 1334 2602 palli·

136 2633 251 2722 diora,
262 2634 443 2728 pruinosa
452 2641 490 2709 et
503 2636 611 2729 plura
625 2635 808 2709 instructa
818 2638 966 2710 duabus
982 2637 1219 2730 epidermidis
1230 2636 1336 2730 plicis

135 2762 350 2850 linearibus
375 2767 500 2837 tantos
529 2784 668 2836 nervos
693 2764 867 2838 laterales
898 2771 1071 2839 arcuatos
1105 2765 1335 2838 imitantibus

135 2911 367 2983 nervumque
386 2892 604 2984 primarium
624 2892 746 2964 abasi
767 2913 888 2985 usque
907 2893 947 2965 in
965 2892 1042 2965 folii
1062 2893 1205 2985 apicem
1225 2892 1335 2965 comi-

52 3036 57 3045 ·
135 3017 317 3106 tontibus
352 3018 478 3091 odoris
508 3017 638 3092 debilis
669 3019 873 3111 aromatici,
903 3019 1049 3113 saporis
1070 3020 1336 3093 amariusculo·

137 3145 318 3218 subacris.

379 3616 622 3729 lucra
663 3555 1091 3753 mmmm.

245 3853 418 3950 Dipitulis
431 3878 611 3950 purpureo
626 3856 761 3945 Linn.,
776 3858 907 3949 planta
920 3857 1078 3946 biennis,
1093 3858 1131 3930 in
1147 3857 1337 3930 montibus

137 3983 271 4075 apricis
290 3981 462 4074 Europae
482 3984 720 4057 occidentalis
736 3990 870 4077 sponte
886 4007 1071 4074 crescens
1092 3985 1192 4079 apud
1208 4006 1278 4057 nos
1298 3985 1337 4056 in

136 4108 255 4182 hortis
274 4108 573 4201 frequentissime
593 4112 703 4184 culta.
724 4109 1062 4207 Scropltuloriocarc.

244 4233 349 4307 Folia
367 4240 481 4308 ovata
508 4237 566 4309 vel
595 4242 730 4310 ovato·
745 4238 915 4330 oblonga,
944 4238 1073 4310 infima
1100 4237 1138 4309 in
1157 4237 1336 4329 petiolum
1355 4282 1357 4285 v

137 4363 291 4453 longum
311 4362 451 4434 alatum
468 4364 711 4452 decunentia,
732 4386 852 4455 usque
865 4365 914 4435 ad
925 4364 1124 4436 decirnetra
1134 4364 1203 4437 tria
1212 4364 1336 4457 longa,

138 4488 333 4581 superiora
346 4488 503 4579 minora,
514 4491 673 4564 breviter
687 4491 863 4585 petiolata
878 4497 944 4565 aut
957 4491 1117 4581 sessilis,
1138 4492 1266 4565 omnia
1284 4491 1337 4565 in·

137 4616 342 4709 aequaliter
379 4621 445 4688 aut
481 4616 922 4711 subduplicatocrenata,
951 4619 1144 4693 reticulato
1157 4661 1169 4673 ·
1183 4640 1336 4710 venosa,

137 4764 287 4838 rugosa,
308 4742 432 4816 nervis
451 4743 625 4818 tertiariis
644 4767 760 4840 prope
784 4746 938 4840 paribus
958 4745 1161 4820 intervallis
1181 4747 1278 4821 inter
1297 4769 1337 4823 sc

1082 4884 1117 4937 ga
