3500 5450
873 525 1115 598 -lt‘u-

776 845 928 955 llolia
954 846 1187 957 Scenae.

493 1087 636 1161 Foliola
656 1088 795 1161 siccata
827 1089 990 1162 breviter
1023 1089 1211 1182 petiolata‚
1242 1090 1324 1162 basi
1359 1090 1584 1184 inaequalia,

387 1220 619 1306 mucronata,
640 1215 870 1308 integerima,
891 1217 1110 1310 plerumque
1139 1217 1264 1310 plana,
1295 1217 1417 1290 nervis
1451 1241 1582 1293 secun-

386 1341 498 1415 dariis
519 1344 692 1433 arcuatis
712 1343 924 1435 subglabra
937 1345 1022 1436 pilis
1037 1345 1171 1435 parvis,
1193 1344 1323 1431 acutis
1343 1345 1582 1438 simplicibus,

385 1469 702 1560 unicellularibuS,
717 1470 845 1562 rigida,
861 1470 987 1544 odoris
998 1471 1203 1562 peculiaris,
1216 1471 1363 1563 saporis
1375 1493 1579 1546 nauseoso·

385 1597 557 1670 subacris
584 1597 850 1671 nonnullarum
878 1598 1085 1691 specierum
1113 1599 1260 1690 generis
1287 1597 1432 1670 Cassiae
1459 1597 1583 1695 (Laqu-

383 1724 546 1797 minosae.
574 1723 886 1820 Caesalpianceoe),
909 1747 1069 1822 quarum
1090 1724 1219 1797 Cassia
1234 1723 1418 1817 oculisolia
1433 1726 1580 1815 Delile,

382 1851 505 1926 frutex
524 1853 564 1925 in
583 1853 764 1945 Aegypto,
793 1852 914 1924 Nubia
943 1858 979 1925 et
1008 1853 1133 1925 Africa
1159 1853 1313 1925 centrali
1339 1857 1580 1945 spontaneus

387 1979 522 2053 foliolis
549 1980 680 2068 oratis
700 1979 759 2053 vel
779 1979 963 2071 oblongis
984 1981 1113 2068 acutis,
1142 1980 1339 2053 duodecim
1366 1979 1414 2051 ad
1436 1979 1581 2072 triginta

351 2199 352 2212 ἵ
386 2107 595 2181 millimctra
609 2107 742 2198 longis
757 2107 908 2197 glauco·
924 2107 982 2180 vel
998 2106 1376 2196 subflavo-viridibus,
1391 2108 1580 2180 subcoria·

383 2235 459 2308 ceis
475 2231 601 2310 Senam
616 2236 669 2307 sic
684 2235 821 2308 dictam
836 2232 1112 2310 Alexandrinam
1130 2233 1249 2330 (Folia
1264 2234 1411 2307 Sennae
1422 2234 1578 2307 Alexan-

382 2363 537 2454 drinae),
559 2361 688 2435 Cossio
705 2362 931 2458 fraqistffolia
950 2362 1069 2450 Vahl,
1085 2363 1207 2435 frutex
1217 2362 1255 2434 in
1265 2361 1405 2434 Arabia
1418 2383 1489 2435 nec
1504 2384 1579 2436 non

381 2489 418 2560 in
447 2490 572 2563 Africa
600 2490 769 2562 orientali
797 2490 1007 2582 indigenas,
1040 2491 1078 2563 in
1106 2489 1213 2562 India
1246 2488 1417 2563 orientali
1446 2490 1579 2577 cultus,

380 2616 516 2690 foliolis
546 2617 763 2690 lanceolatis
790 2619 849 2689 vel
878 2617 1250 2706 lineari-lanceolatis,
1287 2637 1409 2709 usque
1438 2617 1486 2688 ad
1514 2637 1578 2689 sex

382 2746 599 2819 centimetra
624 2745 758 2837 longis,
789 2745 1033 2835 tenuioribus
1061 2747 1136 2818 lere
1156 2743 1464 2851 membranaceis
1483 2744 1578 2818 laete

382 2872 560 2946 vtridibus
589 2870 715 2950 Senam
736 2869 893 2948 ludicen
916 2871 962 2949 de
981 2869 1189 2971 'linorelly
1211 2871 1331 2964 (Folia
1355 2873 1503 2943 Sennae
1532 2871 1577 2943 de

381 2999 613 3094 Tinnevelly)
634 3002 799 3093 praebet.

490 3143 606 3222 Sarna
627 3142 868 3223 Alexandrina
888 3152 1035 3237 practer
1059 3147 1270 3236 fragmenta
1284 3145 1468 3234 foliorum,
1484 3144 1576 3216 truc-

380 3278 484 3346 tumo
506 3280 547 3346 et
561 3271 720 3347 aliarum
738 3275 902 3367 partium
924 3273 1079 3346 Cassiae
1101 3271 1315 3344 acutiioliae
1346 3272 1459 3345 etiam
1480 3271 1577 3344 sistit

380 3401 468 3473 lolia
483 3402 705 3495 plerumque
716 3402 802 3495 plus
814 3401 985 3473 minusve
1000 3400 1177 3487 involuta,
1189 3398 1575 3490 oblongo-lanceolata

379 3529 438 3601 vel
459 3528 763 3621 ovato-oblonga,
789 3530 869 3601 basi
899 3527 1082 3620 aequalia,
1112 3532 1232 3615 acuta,
1261 3525 1574 3617 integerrimam

378 3660 537 3748 utraque
567 3656 659 3729 lacie
687 3656 773 3750 pilis
802 3653 1035 3748 simplicibus
1062 3653 1399 3747 pluricellularibus
1432 3653 1573 3740 vestita,

379 3782 600 3855 densissime
615 3782 787 3855 minutim
801 3804 951 3875 rugosa,
963 3782 1089 3854 nervis
1102 3781 1334 3856 secundariis
1345 3779 1447 3853 haud
1460 3780 1573 3853 mani-

378 3909 492 4000 festis,
504 3911 602 3983 lente
613 3910 756 4001 glauca,
768 3910 1030 3996 crassiuscula,
1042 3909 1171 4001 rigida,
1183 3908 1338 4001 fragilia,
1356 3929 1453 4001 quae
1469 3908 1574 3980 offert

378 4034 645 4109 Seleneslemma
680 4036 812 4133 Atylnl
831 4036 984 4127 Hayne
1007 4035 1361 4134 (Asclepiadaceac),
1391 4058 1413 4107 a
1440 4035 1572 4128 quibus

378 4164 596 4237 mundanda
616 4170 683 4238 est.
705 4161 821 4241 Sanno
850 4161 975 4240 indica
1004 4160 1050 4240 dc
1078 4161 1290 4263 linnevclly
1320 4163 1465 4235 excellit
1483 4163 1572 4235 intc-

377 4291 507 4383 gritate
522 4291 733 4364 foliolorum
750 4297 787 4365 et
813 4292 986 4364 absentia
1005 4292 1174 4363 omnium
1188 4291 1350 4383 partium
1368 4288 1569 4363 alienarum

377 4440 467 4512 prae
488 4419 620 4492 ceteris
641 4419 829 4492 mercibus
849 4419 1010 4491 Sennae.

484 4566 588 4638 Folia
621 4567 770 4638 Sennae
803 4566 1057 4638 maceratione
1094 4588 1180 4637 cum
1215 4566 1349 4657 spiritu
1381 4564 1453 4636 vini
1484 4564 1569 4636 sub·

374 4693 521 4767 stantiis
541 4693 724 4767 resinosis
750 4695 881 4767 orbata
907 4699 1015 4767 sunt:
1052 4690 1150 4769 {totta
1173 4689 1313 4769 Scenae
1337 4691 1415 4768 sinc
1440 4691 1570 4766 resina.
