3500 5450
680 559 916 633 —123—

195 780 346 854 timetra
363 779 497 873 longis
523 780 678 870 obtusis,
698 779 947 872 integerrimis
973 783 1039 852 aut
1056 778 1391 872 repando-subcre-

195 909 305 998 natiS,
322 908 473 1000 glabris
489 908 760 997 crassiusculis‚
780 908 875 980 laete
891 907 1080 997 viridibus,
1096 907 1243 979 siccatis
1258 907 1393 979 subtus

193 1058 351 1110 nervum
370 1036 591 1130 primarium
617 1035 884 1129 praebentibus
914 1034 997 1107 basi
1024 1035 1153 1122 latum,
1174 1032 1392 1126 collapsum,
1470 1077 1474 1082 ι

194 1165 414 1257 plerumque
429 1161 746 1255 longitudinaliter
759 1163 951 1257 plicatum,
967 1182 1099 1234 versus
1115 1161 1230 1233 solioli
1251 1160 1393 1252 apicem

195 1292 400 1364 admodum
419 1291 710 1364 decrescentem.
732 1289 885 1383 Saporis
905 1293 995 1362 sunt
1013 1289 1210 1382 peramari.

303 1435 518 1509 Extractam.
539 1435 677 1531 Species
696 1435 938 1508 amaricantes.
965 1433 1128 1506 Tinctum
1148 1458 1284 1505 amara.

545 1832 697 1940 ralia
721 1831 873 1943 Uvae
899 1832 1030 1939 ursi.

304 2055 595 2153 Aretostapbylos
615 2055 802 2152 officinalis
821 2053 1024 2127 Wimmer
1053 2058 1089 2126 et
1115 2052 1392 2140 Grabowski‚

193 2184 389 2258 fruticulus
414 2183 700 2277 sempervirens,
730 2183 769 2255 in
797 2183 991 2256 montibus
1021 2182 1195 2255 calcareis
1221 2180 1394 2274 Europae

193 2333 377 2386 crescens.
397 2310 589 2384 Ericaceae.
1027 2320 1030 2324 ’

303 2456 409 2531 Folia
423 2456 587 2530 obovata
601 2456 661 2530 vel
676 2456 875 2550 spatulata,
897 2455 1095 2529 duodecim
1117 2456 1165 2526 ad
1181 2454 1392 2547 quindecim

194 2586 408 2658 millimetra
422 2586 546 2676 longa,
573 2584 677 2676 apice
693 2584 831 2657 obtusa
846 2589 911 2656 aut
925 2585 1138 2670 rotundata,
1157 2583 1195 2654 in
1216 2582 1394 2675 petiolum

195 2714 348 2786 brevem
360 2716 565 2802 attenuata,
582 2711 831 2803 integerrima,
848 2712 1014 2804 margine
1026 2709 1391 2803 subdiaphano-car-

195 2840 383 2933 tilagineo,
394 2841 508 2933 plano
521 2839 580 2913 vel
591 2839 860 2929 sub-revoluto,
874 2839 996 2912 ciliato
1008 2845 1072 2912 aut
1083 2838 1236 2932 saepius
1252 2838 1394 2928 glabro,

195 2968 234 3040 in
255 2973 414 3061 utraque
433 2973 539 3060 parte
560 2968 692 3058 laevia,
718 2967 886 3056 nitentia,
915 2967 1146 3058 glaberrima
1180 2966 1392 3038 reticulato-

141 3140 142 3143 =
195 3117 349 3185 venosa,
370 3095 495 3167 nervis
520 3095 653 3168 subtus
672 3094 981 3188 prominentibus
1003 3115 1163 3186 superne
1193 3093 1393 3185 depressis

196 3244 335 3311 crassa,
356 3223 533 3310 coriacea‚
558 3222 685 3314 rigida
706 3225 872 3295 saturata
900 3221 1042 3309 viridia,
1072 3222 1206 3294 subtus
1239 3220 1394 3314 paulum

195 3348 405 3442 pallidiora,
437 3350 612 3437 inodora,
646 3349 792 3441 saporis
826 3348 1095 3441 adstringentis
1129 3354 1165 3421 et
1193 3347 1394 3420 subamari.

196 3476 344 3549 Siccata
363 3483 567 3550 serventur.

304 3623 358 3695 Ne
401 3623 678 3695 confundantur
714 3643 800 3695 cum
842 3622 940 3694 foliis
977 3620 1131 3693 Vaccinii
1173 3621 1259 3692 Vitis
1295 3620 1396 3692 Ideae

197 3751 350 3842 (Lirin.)
379 3750 546 3842 margine
571 3755 713 3823 remote
747 3750 952 3838 sarculatis
987 3750 1120 3822 subtus
1149 3748 1393 3840 fusco-punc·

196 3878 294 3966 tatis,
325 3899 446 3971 neque
473 3900 558 3950 cum
586 3877 683 3949 foliis
712 3876 868 3949 Vacciaii
896 3876 1063 3972 adipiaosi
1093 3876 1249 3967 (Linn.)
1278 3898 1394 3947 mern-

195 4005 400 4095 branaceis,
421 4005 555 4079 subtus
576 4005 729 4096 glaucis.
749 3996 753 4008 ’

474 4401 699 4510 Fructus
725 4400 872 4509 Auisi
899 4399 1116 4509 stellati.

304 4624 457 4697 Iltieiam
495 4624 674 4698 anisatum
701 4623 934 4712 Laureiro,
974 4622 1085 4696 arbor
1115 4622 1256 4695 Chinae
1286 4621 1394 4695 meri·

198 4750 371 4824 dionalis.
393 4751 655 4848 Mapaoliaceae.
