3500 5450
889 524 1130 596 —256-

689 862 922 1005 Spiritus
948 861 1068 970 llini
1096 860 1330 1004 bagnae.

521 1104 549 1175 Ε
569 1104 657 1176 vino
675 1104 922 1176 destillatione
938 1110 1091 1196 paratus
1112 1104 1160 1176 sit
1174 1103 1361 1197 limpiduS,
1373 1105 1508 1177 coloris
1527 1106 1606 1178 llari

411 1236 477 1304 aut
510 1253 530 1304 e
563 1232 668 1303 llave
691 1232 795 1319 lusci,
830 1231 956 1304 oderis
991 1236 1027 1303 et
1060 1231 1205 1324 saporis
1240 1231 1379 1319 suavis,
1413 1233 1607 1325 spirituum,

407 1364 547 1446 neuter,
567 1359 746 1451 ponderis
768 1358 931 1451 specifici
951 1359 1258 1432 0·9l5-0·9uu.

517 1486 572 1559 Sit
601 1486 648 1558 ab
668 1485 837 1558 alcuhole
868 1485 1026 1576 amylico
1046 1486 1157 1578 plane
1177 1486 1269 1558 liber
1298 1490 1335 1559 et
1359 1487 1546 1560 contineat
1571 1487 1606 1559 in

407 1618 558 1687 centum
594 1613 772 1706 ponderis
807 1612 977 1705 partibus
1011 1614 1260 1705 quadraginta
1293 1613 1457 1706 quinque
1490 1635 1605 1705 usque

410 1741 681 1833 quinquaginta
700 1739 878 1833 ponderis
898 1745 1025 1832 partes
1046 1740 1241 1814 alcobolis.

452 1882 455 1886 ’
524 1868 651 1939 Vinum
676 1868 817 1939 Clu'nae.

407 2318 762 2429 secutum
785 2319 1601 2432 Italia-tartaricum.

492 2545 659 2623 Kalium
688 2545 1077 2625 stibio-tartaricum.
1101 2548 1294 2624 Tartarus
1318 2547 1528 2624 emelinus

798 2693 994 2771 Tartarus
1020 2691 1218 2770 stibiatus

519 2904 692 2996 Crystalli
726 2905 980 2996 tetraedricae,
1008 2906 1125 2996 albae,
1146 2912 1232 2977 aere
1270 2906 1504 2995 fatiscentes,
1533 2907 1604 2979 sive

408 3031 530 3122 pulvis
557 3031 786 3124 albissimus,
807 3034 954 3124 saporis
974 3033 1137 3125 primum
1157 3033 1286 3124 dulcis,
1308 3033 1393 3105 dein
1423 3033 1604 3122 inritantia,

411 3159 595 3252 metallici,
616 3159 653 3231 in
674 3182 783 3251 aqua,
804 3160 986 3253 imprimis
1007 3160 1149 3232 fervida
1167 3160 1273 3232 facile
1294 3160 1476 3233 solubilis.

521 3287 662 3360 Solutio
683 3310 839 3380 aquosa,
856 3287 1056 3361 reactionis
1076 3287 1205 3359 leviter
1223 3287 1361 3379 acidae,
1383 3310 1482 3380 aqua
1503 3287 1603 3359 calcis

410 3414 660 3488 sedimentum
670 3416 825 3508 praebet
840 3415 978 3506 album,
994 3416 1031 3487 in
1048 3415 1154 3487 acido
1170 3414 1309 3486 ucetico
1325 3414 1431 3487 facile
1447 3414 1604 3500 solubile,

410 3542 516 3614 acide
543 3543 829 3634 hydrocbloricu
851 3542 1037 3615 acidulata
1065 3564 1164 3634 aqua
1188 3541 1493 3633 hydrusuliurata
1512 3562 1604 3632 prae·

410 3671 601 3763 cipitatum
641 3672 912 3761 amantiacum,
953 3669 1141 3742 ammonio
1181 3669 1378 3742 carbenico
1415 3668 1604 3741 insolubile

414 3797 585 3870 demittit.

526 3925 631 3998 Stibii
656 3924 941 3997 Rullo-tartarici
965 3945 1134 4017 gramma
1162 3923 1355 3997 dimidium
1383 3922 1422 3995 in
1440 3922 1605 4015 grammis

412 4054 545 4127 decem
582 4052 677 4125 acidi
705 4052 981 4145 hydrocblorici
1011 4051 1238 4124 concentrati
1266 4051 1443 4140 solutum,
1482 4049 1606 4122 additis

413 4180 526 4273 guttis
556 4180 699 4272 aliquot
736 4202 855 4273 aquae
886 4179 1211 4271 hydrusulfuratae
1249 4182 1418 4250 recenter
1454 4182 1605 4271 paratae,

410 4329 501 4381 vase
543 4313 641 4381 tectu
679 4308 762 4380 loco
800 4307 927 4399 tepido
966 4306 1184 4398 sepositum,
1232 4326 1300 4377 nec
1337 4306 1606 4398 praecipitatum

410 4436 552 4509 luteum
591 4436 748 4508 arsenici
785 4434 957 4508 sulfurati
997 4434 1172 4526 deponat,
1205 4454 1275 4504 nec
1303 4430 1418 4522 hujus
1452 4433 1605 4523 vestigiis

412 4564 535 4637 colore
556 4563 655 4635 ssavo
675 4562 871 4636 inficiatur.

531 4689 660 4761 Vinum
689 4689 797 4764 Sillii
816 4687 1117 4762 Kella-tartarum.
