3500 5450
870 513 1096 589 ..XH-

501 731 552 817 In
574 731 805 820 selectione
831 731 1181 843 medicaminum,
1222 762 1331 851 quae
1366 737 1590 823 materiam

391 895 494 980 novi
538 894 699 982 codicis
738 899 1008 1008 constituunt,
1048 926 1149 1014 prae
1188 900 1365 987 caeteris
1403 900 1590 987 rationes

391 1057 649 1146 scientificae
667 1066 709 1146 et
719 1059 874 1148 clinica
890 1064 1152 1177 experientia
1169 1063 1389 1150 consultae
1406 1063 1587 1152 fuerunt.

392 1222 652 1310 Omittrmtur
711 1223 1011 1338 medicamina,
1074 1255 1185 1343 quae
1230 1232 1347 1344 lapsu
1375 1227 1590 1343 temporis

391 1415 485 1474 raro
524 1388 693 1474 nonnisi
737 1397 810 1476 aut
832 1390 1008 1476 omnino
1054 1418 1140 1476 non
1179 1389 1233 1477 ab
1257 1392 1357 1477 artis
1395 1388 1590 1477 medicae

391 1552 535 1668 peritis
579 1552 628 1636 in
677 1583 802 1640 usum
857 1565 1064 1642 vocantur
1109 1566 1151 1641 et
1193 1556 1330 1670 aptius
1374 1553 1588 1660 remediis

390 1717 606 1833 principiis
634 1745 749 1804 nunc
771 1717 1014 1833 vigentibus
1037 1718 1344 1829 accomodatis,
1384 1745 1590 1833 compen·

391 1881 476 1967 sari
498 1892 688 1998 possunt,
726 1910 852 1996 porro
883 1882 1170 1971 medicamina
1192 1880 1346 1969 dubiae
1369 1867 1421 1968 ac
1449 1881 1590 1969 varia-

390 2043 488 2131 bilis
534 2044 758 2149 efficaciae,
805 2045 980 2132 demum
1025 2046 1088 2134 sic
1132 2045 1246 2134 dicta
1288 2045 1430 2155 cruda,
1477 2073 1590 2161 quae

390 2239 476 2297 non
539 2220 678 2326 partes
740 2212 1044 2299 const'tuentes
1106 2210 1454 2319 medicaminum,
1512 2207 1590 2296 sed

389 2375 559 2461 nonnisi
580 2375 843 2462 adminicula
870 2377 914 2461 in
938 2374 1137 2491 parandis
1173 2372 1431 2490 quibusdam
1465 2401 1589 2489 prae-

389 2540 546 2651 paratis
578 2551 684 2627 sunt.

498 2702 790 2790 Medicamina
829 2702 990 2789 ultimis
1029 2700 1245 2789 decenniis
1294 2703 1449 2818 partim
1497 2709 1588 2786 arte

389 2867 587 2954 chemica
632 2868 795 2977 effecta,
835 2869 992 2982 partim
1031 2895 1084 2952 ex
1131 2864 1378 2952 substantiis
1408 2837 1587 2979 vegeta-

391 3029 548 3117 bilibus
573 3031 827 3147 deprompta
860 3038 903 3118 et
934 3031 979 3116 in
1019 3030 1282 3119 commercio
1308 3027 1448 3139 obvia,
1476 3055 1585 3144 quae

388 3196 636 3283 thesaurum
681 3197 1024 3312 therapeuticum
1072 3195 1254 3281 nimium
1298 3202 1459 3308 augent
1500 3220 1588 3278 non

388 3361 626 3476 permiscue
654 3388 769 3448 novo
799 3361 942 3448 codici
972 3358 1197 3447 inserenda
1226 3356 1302 3445 sed
1330 3357 1500 3444 nonnisi
1535 3384 1586 3442 ea

388 3523 633 3640 recipienda
676 3521 940 3634 videbantur,
976 3552 1159 3641 quorum
1212 3523 1278 3608 vis
1311 3550 1399 3608 non
1443 3520 1585 3608 solum

388 3689 541 3774 toxicis
583 3689 883 3804 experimentis
925 3688 1193 3801 investigata,
1251 3713 1401 3771 verum
1457 3685 1581 3770 etiam

389 3854 700 3970 circumspecta
728 3853 884 3940 clinica
913 3851 1175 3967 experientia
1198 3846 1479 3964 comprobata
1502 3858 1584 3955 est;

389 4045 573 4130 quorum
628 4017 874 4104 constitutio
931 4016 1129 4102 chemica
1183 4021 1395 4123 constans
1460 4013 1583 4125 origo

390 4187 528 4265 certus
568 4178 751 4267 habetur
773 4188 902 4296 atque
926 4176 1361 4295 incorruptaindoles
1387 4174 1584 4291 expedite

389 4342 586 4458 dignosci
608 4355 757 4461 potest.

434 4541 438 4550 ’
497 4481 641 4613 Quum
663 4509 984 4622 conjunctiones
1024 4507 1259 4617 chernicae‚
1300 4533 1411 4624 quae
1440 4506 1584 4590 thera-

389 4677 556 4787 peutico
613 4674 707 4758 usui
761 4671 1008 4780 inserviunt,
1076 4673 1262 4786 optimae
1324 4669 1481 4758 indolis
1540 4670 1584 4754 in
