3500 5450
909 555 1118 626 „90-

578 765 892 873 llxtraotum
923 764 1125 874 Colarni
1158 766 1455 873 aromatici.

810 996 1055 1075 Extractum
1077 995 1214 1074 Acori.

519 1192 677 1266 Paretur
712 1213 731 1264 e
765 1191 906 1265 Radico
941 1192 1080 1264 Calami
1118 1190 1306 1264 aromatici
1346 1191 1543 1282 pulverata
1579 1192 1626 1259 ut

413 1320 627 1392 Extractum
646 1319 804 1392 Aconiti.

683 1643 994 1750 llxtraotum
1026 1639 1334 1749 columnae.

517 1866 673 1938 Paretur
693 1888 711 1937 e
732 1866 872 1939 Radice
895 1865 1096 1938 Columbae
1118 1866 1312 1957 pulverata
1333 1868 1373 1934 ut
1393 1863 1622 1934 Extractunr

411 1993 567 2070 Aconiti.

510 2307 1040 2483 ‚limeraclorm
1085 2367 1498 2482 tranianum

817 2533 1188 2645 Indicae.

511 2757 668 2830 Paretur
702 2778 747 2828 ex
776 2756 902 2829 Herba
931 2756 1118 2830 Cannabis
1150 2755 1301 2828 Indicae
1331 2755 1483 2828 concisa
1518 2775 1613 2827 eum

404 2883 534 2975 spiritu
554 2883 627 2955 vini
648 2890 888 2957 concentrato
908 2889 949 2956 ut
968 2885 1182 2957 Extractum
1202 2882 1357 2955 Aconiti.

561 3224 874 3337 llxtrootnm
903 3223 1180 3333 Ucutamii
1205 3223 1444 3330 minoris.

401 3447 501 3540 Rpe:
538 3443 676 3524 iterim
697 3446 877 3525 tentanti
901 3448 1049 3524 minoris
1069 3447 1236 3524 concleae

945 3583 1147 3672 {statuncula
1168 3575 1355 3671 quioffeuto
1523 3577 1605 3648 500

537 3700 659 3800 lonae
679 3699 890 3798 destillatio
912 3700 1054 3779 cellolae

999 3836 1234 3926 orationalem
1256 3829 1327 3900 triu
1348 3827 1470 3899 traillon.
1496 3830 1602 3899 3000

508 3956 614 4028 Stent
633 3979 700 4049 per
719 3957 910 4029 loihorium
935 3957 973 4028 in
1008 3956 1118 4044 dolio,
1154 3955 1305 4046 saepius
1341 3953 1530 4044 agitentur
1563 3959 1601 4025 et

398 4084 485 4156 dein
519 4082 659 4175 optime
689 4084 955 4176 exprimantur.
1001 4081 1210 4154 Residnum
1239 4083 1359 4154 eidem
1393 4082 1601 4173 operationi

398 4209 620 4300 subjiciatur
638 4232 725 4282 cnm

532 4334 653 4436 lquor
674 4332 883 4413 destillatio
904 4335 1045 4414 calliae
1090 4337 1260 4433 oromatis
1280 4337 1379 4409 rrzille.
1495 4339 1601 4410 1000

504 4464 686 4555 Liquores
704 4463 846 4536 obtenti
868 4464 1048 4538 ebulliant
1065 4471 1101 4536 et
1120 4486 1187 4557 per
1200 4470 1348 4537 noctem
1365 4464 1598 4537 subsidendo

396 4591 567 4684 depurati
595 4612 662 4683 per
694 4613 861 4684 pannum
897 4591 1074 4679 colentur,
1110 4591 1198 4663 dein
1232 4591 1366 4663 balneo
1398 4612 1520 4682 aquae
1550 4593 1599 4662 acl

395 4717 545 4791 extracti
567 4717 677 4809 spissi
699 4718 980 4791 consistentiam
997 4722 1259 4809 eraporeutur.
