<?xml version="1.0" encoding="UTF-8"?>
<!DOCTYPE html PUBLIC "-//W3C//DTD XHTML 1.0 Transitional//EN"
    "http://www.w3.org/TR/xhtml1/DTD/xhtml1-transitional.dtd">
<html xmlns="http://www.w3.org/1999/xhtml" xml:lang="en" lang="en">
 <head>
  <title>
</title>
<meta http-equiv="Content-Type" content="text/html;charset=utf-8" />
  <meta name='ocr-system' content='tesseract 3.04.00' />
  <meta name='ocr-capabilities' content='ocr_page ocr_carea ocr_par ocr_line ocrx_word'/>
</head>
<body>
  <div class='ocr_page' id='page_1' title='image "./pharmacopoeaaus02unkngoog_0302.png"; bbox 0 0 3500 5450; ppageno 0'>
   <div class='ocr_carea' id='block_1_1' title="bbox 879 553 1117 625">
    <p class='ocr_par' dir='ltr' id='par_1_1' title="bbox 879 553 1117 625">
     <span class='ocr_line' id='line_1_1' title="bbox 879 553 1117 625; baseline -0.008 1"><span class='ocrx_word' id='word_1_1' title='bbox 879 553 1117 625; x_wconf 63' lang='lat' dir='ltr'>-bit-</span> 
     </span>
    </p>
   </div>
   <div class='ocr_carea' id='block_1_2' title="bbox 397 768 1597 1117">
    <p class='ocr_par' dir='ltr' id='par_1_2' title="bbox 397 768 1597 1117">
     <span class='ocr_line' id='line_1_2' title="bbox 507 768 1596 865; baseline 0.006 -25"><span class='ocrx_word' id='word_1_2' title='bbox 507 769 743 861; x_wconf 88' lang='lat' dir='ltr'>Thymolum,</span> <span class='ocrx_word' id='word_1_3' title='bbox 770 768 883 843; x_wconf 86' lang='lat' dir='ltr'>calori</span> <span class='ocrx_word' id='word_1_4' title='bbox 912 770 1036 843; x_wconf 83' lang='lat' dir='ltr'>balnei</span> <span class='ocrx_word' id='word_1_5' title='bbox 1060 793 1180 863; x_wconf 87' lang='lat' dir='ltr'>aquae</span> <span class='ocrx_word' id='word_1_6' title='bbox 1200 795 1289 844; x_wconf 87' lang='lat' dir='ltr'>vase</span> <span class='ocrx_word' id='word_1_7' title='bbox 1316 780 1469 864; x_wconf 90' lang='lat' dir='ltr'>apperto</span> <span class='ocrx_word' id='word_1_8' title='bbox 1491 795 1596 865; x_wconf 84' lang='lat' dir='ltr'>erpo·</span> 
     </span>
     <span class='ocr_line' id='line_1_3' title="bbox 398 897 1597 989; baseline 0.004 -20"><span class='ocrx_word' id='word_1_9' title='bbox 398 897 522 984; x_wconf 86' lang='lat' dir='ltr'>situm,</span> <span class='ocrx_word' id='word_1_10' title='bbox 552 898 664 988; x_wconf 89' lang='lat' dir='ltr'>plane</span> <span class='ocrx_word' id='word_1_11' title='bbox 694 899 827 987; x_wconf 89' lang='lat' dir='ltr'>avolet,</span> <span class='ocrx_word' id='word_1_12' title='bbox 863 897 1000 970; x_wconf 88' lang='lat' dir='ltr'>solutio</span> <span class='ocrx_word' id='word_1_13' title='bbox 1031 897 1111 989; x_wconf 87' lang='lat' dir='ltr'>ejus</span> <span class='ocrx_word' id='word_1_14' title='bbox 1145 921 1291 989; x_wconf 87' lang='lat' dir='ltr'>aquosa</span> <span class='ocrx_word' id='word_1_15' title='bbox 1323 900 1372 972; x_wconf 94' lang='lat' dir='ltr'>sit</span> <span class='ocrx_word' id='word_1_16' title='bbox 1400 901 1597 974; x_wconf 91' lang='lat' dir='ltr'>reactionis</span> 
     </span>
     <span class='ocr_line' id='line_1_4' title="bbox 397 1024 1492 1117; baseline 0 -20"><span class='ocrx_word' id='word_1_17' title='bbox 397 1024 564 1097; x_wconf 80' lang='lat' dir='ltr'>neutrius</span> <span class='ocrx_word' id='word_1_18' title='bbox 586 1031 622 1098; x_wconf 92' lang='lat' dir='ltr'>et</span> <span class='ocrx_word' id='word_1_19' title='bbox 641 1026 738 1097; x_wconf 80' lang='lat' dir='ltr'>ferro</span> <span class='ocrx_word' id='word_1_20' title='bbox 759 1024 1059 1117; x_wconf 85' lang='lat' dir='ltr'>sesquichlorato</span> <span class='ocrx_word' id='word_1_21' title='bbox 1080 1025 1207 1097; x_wconf 91' lang='lat' dir='ltr'>addito</span> <span class='ocrx_word' id='word_1_22' title='bbox 1227 1046 1275 1097; x_wconf 90' lang='lat' dir='ltr'>ne</span> <span class='ocrx_word' id='word_1_23' title='bbox 1295 1027 1492 1099; x_wconf 78' lang='lat' dir='ltr'><strong>coloretur.</strong></span> 
     </span>
    </p>
   </div>
   <div class='ocr_carea' id='block_1_3' title="bbox 845 1419 1154 1532">
    <p class='ocr_par' dir='ltr' id='par_1_3' title="bbox 845 1419 1154 1532">
     <span class='ocr_line' id='line_1_5' title="bbox 845 1419 1154 1532; baseline 0.003 -5"><span class='ocrx_word' id='word_1_24' title='bbox 845 1419 1154 1532; x_wconf 76' lang='lat' dir='ltr'>Tincturae.</span> 
     </span>
    </p>
   </div>
   <div class='ocr_carea' id='block_1_4' title="bbox 398 1642 1601 2884">
    <p class='ocr_par' dir='ltr' id='par_1_4' title="bbox 398 1642 1601 2502">
     <span class='ocr_line' id='line_1_6' title="bbox 506 1642 1599 1736; baseline 0 -18"><span class='ocrx_word' id='word_1_25' title='bbox 506 1645 549 1718; x_wconf 89' lang='lat' dir='ltr'>ln</span> <span class='ocrx_word' id='word_1_26' title='bbox 596 1644 836 1718; x_wconf 86' lang='lat' dir='ltr'>conficiendis</span> <span class='ocrx_word' id='word_1_27' title='bbox 881 1643 1068 1717; x_wconf 88' lang='lat' dir='ltr'>Tincturis</span> <span class='ocrx_word' id='word_1_28' title='bbox 1107 1642 1145 1716; x_wconf 93' lang='lat' dir='ltr'>in</span> <span class='ocrx_word' id='word_1_29' title='bbox 1193 1665 1327 1736; x_wconf 81' lang='lat' dir='ltr'>genere</span> <span class='ocrx_word' id='word_1_30' title='bbox 1370 1645 1599 1718; x_wconf 90' lang='lat' dir='ltr'>substantiae</span> 
     </span>
     <span class='ocr_line' id='line_1_7' title="bbox 399 1771 1600 1866; baseline 0.001 -22"><span class='ocrx_word' id='word_1_31' title='bbox 399 1772 649 1846; x_wconf 88' lang='lat' dir='ltr'>comminutae</span> <span class='ocrx_word' id='word_1_32' title='bbox 679 1794 747 1866; x_wconf 88' lang='lat' dir='ltr'>per</span> <span class='ocrx_word' id='word_1_33' title='bbox 781 1777 858 1845; x_wconf 91' lang='lat' dir='ltr'>tres</span> <span class='ocrx_word' id='word_1_34' title='bbox 891 1772 939 1845; x_wconf 92' lang='lat' dir='ltr'>ad</span> <span class='ocrx_word' id='word_1_35' title='bbox 965 1793 1032 1844; x_wconf 84' lang='lat' dir='ltr'>sex</span> <span class='ocrx_word' id='word_1_36' title='bbox 1058 1771 1138 1844; x_wconf 88' lang='lat' dir='ltr'>dies</span> <span class='ocrx_word' id='word_1_37' title='bbox 1168 1771 1206 1843; x_wconf 92' lang='lat' dir='ltr'>in</span> <span class='ocrx_word' id='word_1_38' title='bbox 1231 1771 1367 1863; x_wconf 84' lang='lat' dir='ltr'>lagena</span> <span class='ocrx_word' id='word_1_39' title='bbox 1393 1774 1489 1843; x_wconf 90' lang='lat' dir='ltr'>tecta</span> <span class='ocrx_word' id='word_1_40' title='bbox 1515 1793 1600 1845; x_wconf 88' lang='lat' dir='ltr'>curn</span> 
     </span>
     <span class='ocr_line' id='line_1_8' title="bbox 399 1898 1598 1993; baseline 0 -21"><span class='ocrx_word' id='word_1_41' title='bbox 399 1899 532 1992; x_wconf 90' lang='lat' dir='ltr'>spiritu</span> <span class='ocrx_word' id='word_1_42' title='bbox 574 1899 648 1972; x_wconf 92' lang='lat' dir='ltr'>vini</span> <span class='ocrx_word' id='word_1_43' title='bbox 684 1923 730 1973; x_wconf 92' lang='lat' dir='ltr'>ea</span> <span class='ocrx_word' id='word_1_44' title='bbox 756 1900 1008 1993; x_wconf 73' lang='lat' dir='ltr'>proportione,</span> <span class='ocrx_word' id='word_1_45' title='bbox 1052 1904 1094 1972; x_wconf 93' lang='lat' dir='ltr'>ut</span> <span class='ocrx_word' id='word_1_46' title='bbox 1125 1921 1214 1992; x_wconf 86' lang='lat' dir='ltr'>pars</span> <span class='ocrx_word' id='word_1_47' title='bbox 1252 1919 1328 1971; x_wconf 93' lang='lat' dir='ltr'>una</span> <span class='ocrx_word' id='word_1_48' title='bbox 1366 1898 1598 1972; x_wconf 88' lang='lat' dir='ltr'>substantiae</span> 
     </span>
     <span class='ocr_line' id='line_1_9' title="bbox 399 2025 1598 2120; baseline 0.002 -22"><span class='ocrx_word' id='word_1_49' title='bbox 399 2027 553 2100; x_wconf 86' lang='lat' dir='ltr'>minoris</span> <span class='ocrx_word' id='word_1_50' title='bbox 595 2028 783 2101; x_wconf 82' lang='lat' dir='ltr'>efficaciae</span> <span class='ocrx_word' id='word_1_51' title='bbox 825 2034 953 2119; x_wconf 88' lang='lat' dir='ltr'>partes</span> <span class='ocrx_word' id='word_1_52' title='bbox 992 2028 1160 2120; x_wconf 89' lang='lat' dir='ltr'>quinque</span> <span class='ocrx_word' id='word_1_53' title='bbox 1193 2025 1375 2099; x_wconf 89' lang='lat' dir='ltr'>tincturae</span> <span class='ocrx_word' id='word_1_54' title='bbox 1413 2026 1598 2118; x_wconf 87' lang='lat' dir='ltr'>praebeat,</span> 
     </span>
     <span class='ocr_line' id='line_1_10' title="bbox 400 2142 1600 2246; baseline 0 -19"><span class='ocrx_word' id='word_1_55' title='bbox 400 2155 470 2228; x_wconf 91' lang='lat' dir='ltr'>sub</span> <span class='ocrx_word' id='word_1_56' title='bbox 492 2155 615 2227; x_wconf 82' lang='lat' dir='ltr'>calore</span> <span class='ocrx_word' id='word_1_57' title='bbox 634 2155 710 2227; x_wconf 78' lang='grc' dir='ltr'>40ο</span> <span class='ocrx_word' id='word_1_58' title='bbox 733 2174 811 2226; x_wconf 90' lang='lat' dir='ltr'>non</span> <span class='ocrx_word' id='word_1_59' title='bbox 830 2155 1032 2227; x_wconf 81' lang='lat' dir='ltr'>excedente</span> <span class='ocrx_word' id='word_1_60' title='bbox 1053 2142 1275 2246; x_wconf 82' lang='lat' dir='ltr'>digerantur,</span> <span class='ocrx_word' id='word_1_61' title='bbox 1292 2152 1414 2243; x_wconf 87' lang='lat' dir='ltr'>tiquor</span> <span class='ocrx_word' id='word_1_62' title='bbox 1433 2154 1600 2241; x_wconf 84' lang='lat' dir='ltr'>colando,</span> 
     </span>
     <span class='ocr_line' id='line_1_11' title="bbox 400 2248 1601 2374; baseline 0.002 -21"><span class='ocrx_word' id='word_1_63' title='bbox 400 2281 492 2355; x_wconf 91' lang='lat' dir='ltr'>etsi</span> <span class='ocrx_word' id='word_1_64' title='bbox 525 2303 621 2374; x_wconf 91' lang='lat' dir='ltr'>opus</span> <span class='ocrx_word' id='word_1_65' title='bbox 648 2281 767 2370; x_wconf 85' lang='lat' dir='ltr'>suerit,</span> <span class='ocrx_word' id='word_1_66' title='bbox 802 2282 1042 2373; x_wconf 82' lang='lat' dir='ltr'>exprimendo</span> <span class='ocrx_word' id='word_1_67' title='bbox 1079 2305 1102 2354; x_wconf 94' lang='lat' dir='ltr'>a</span> <span class='ocrx_word' id='word_1_68' title='bbox 1134 2281 1285 2355; x_wconf 92' lang='lat' dir='ltr'>residuo</span> <span class='ocrx_word' id='word_1_69' title='bbox 1324 2248 1527 2373; x_wconf 70' lang='lat' dir='ltr'>separetur,</span> <span class='ocrx_word' id='word_1_70' title='bbox 1565 2288 1601 2355; x_wconf 93' lang='lat' dir='ltr'>et</span> 
     </span>
     <span class='ocr_line' id='line_1_12' title="bbox 398 2409 1029 2502; baseline -0.003 -20"><span class='ocrx_word' id='word_1_71' title='bbox 398 2415 602 2502; x_wconf 90' lang='lat' dir='ltr'>postquam</span> <span class='ocrx_word' id='word_1_72' title='bbox 622 2409 842 2496; x_wconf 85' lang='lat' dir='ltr'>subsederit,</span> <span class='ocrx_word' id='word_1_73' title='bbox 862 2409 1029 2481; x_wconf 87' lang='lat' dir='ltr'>filtretur.</span> 
     </span>
    </p>

    <p class='ocr_par' dir='ltr' id='par_1_5' title="bbox 400 2535 1601 2884">
     <span class='ocr_line' id='line_1_13' title="bbox 509 2535 1597 2609; baseline 0.001 -2"><span class='ocrx_word' id='word_1_74' title='bbox 509 2536 706 2609; x_wconf 88' lang='lat' dir='ltr'>Tincturae</span> <span class='ocrx_word' id='word_1_75' title='bbox 724 2558 768 2608; x_wconf 84' lang='lat' dir='ltr'>ex</span> <span class='ocrx_word' id='word_1_76' title='bbox 788 2536 1095 2609; x_wconf 81' lang='lat' dir='ltr'>medicaminibus</span> <span class='ocrx_word' id='word_1_77' title='bbox 1112 2535 1381 2608; x_wconf 87' lang='lat' dir='ltr'>efficacioribus</span> <span class='ocrx_word' id='word_1_78' title='bbox 1403 2535 1597 2608; x_wconf 89' lang='lat' dir='ltr'>confician-</span> 
     </span>
     <span class='ocr_line' id='line_1_14' title="bbox 400 2662 1601 2757; baseline -0.001 -20"><span class='ocrx_word' id='word_1_79' title='bbox 400 2668 461 2737; x_wconf 86' lang='lat' dir='ltr'>tur</span> <span class='ocrx_word' id='word_1_80' title='bbox 493 2664 738 2757; x_wconf 89' lang='lat' dir='ltr'>inapparatu</span> <span class='ocrx_word' id='word_1_81' title='bbox 773 2663 999 2756; x_wconf 89' lang='lat' dir='ltr'>depulsorio,</span> <span class='ocrx_word' id='word_1_82' title='bbox 1032 2662 1071 2735; x_wconf 94' lang='lat' dir='ltr'>in</span> <span class='ocrx_word' id='word_1_83' title='bbox 1109 2683 1184 2753; x_wconf 89' lang='lat' dir='ltr'>quo</span> <span class='ocrx_word' id='word_1_84' title='bbox 1222 2662 1454 2737; x_wconf 89' lang='lat' dir='ltr'>substantiae</span> <span class='ocrx_word' id='word_1_85' title='bbox 1494 2670 1601 2737; x_wconf 89' lang='lat' dir='ltr'>antea</span> 
     </span>
     <span class='ocr_line' id='line_1_15' title="bbox 400 2789 1599 2884; baseline 0.001 -21"><span class='ocrx_word' id='word_1_86' title='bbox 400 2792 637 2865; x_wconf 78' lang='lat' dir='ltr'>humectatae</span> <span class='ocrx_word' id='word_1_87' title='bbox 674 2792 895 2884; x_wconf 82' lang='lat' dir='ltr'>ingeruntur</span> <span class='ocrx_word' id='word_1_88' title='bbox 938 2797 974 2865; x_wconf 91' lang='lat' dir='ltr'>et</span> <span class='ocrx_word' id='word_1_89' title='bbox 1021 2813 1107 2863; x_wconf 89' lang='lat' dir='ltr'>cum</span> <span class='ocrx_word' id='word_1_90' title='bbox 1153 2789 1349 2861; x_wconf 84' lang='lat' dir='ltr'>sufficienti</span> <span class='ocrx_word' id='word_1_91' title='bbox 1397 2792 1599 2882; x_wconf 89' lang='lat' dir='ltr'>quantitate</span> 
     </span>
    </p>
   </div>
   <div class='ocr_carea' id='block_1_5' title="bbox 401 2916 1739 3013">
    <p class='ocr_par' dir='ltr' id='par_1_6' title="bbox 401 2916 1739 3013">
     <span class='ocr_line' id='line_1_16' title="bbox 401 2916 1739 3013; baseline -0.001 -21"><span class='ocrx_word' id='word_1_92' title='bbox 401 2920 583 2992; x_wconf 86' lang='lat' dir='ltr'>menstrui</span> <span class='ocrx_word' id='word_1_93' title='bbox 612 2921 832 3013; x_wconf 85' lang='lat' dir='ltr'>superfusae</span> <span class='ocrx_word' id='word_1_94' title='bbox 860 2940 928 3011; x_wconf 92' lang='lat' dir='ltr'>per</span> <span class='ocrx_word' id='word_1_95' title='bbox 947 2917 1194 3010; x_wconf 82' lang='lat' dir='ltr'>quadraginta</span> <span class='ocrx_word' id='word_1_96' title='bbox 1220 2920 1304 2989; x_wconf 90' lang='lat' dir='ltr'>octo</span> <span class='ocrx_word' id='word_1_97' title='bbox 1339 2916 1454 2990; x_wconf 89' lang='lat' dir='ltr'>horas</span> <span class='ocrx_word' id='word_1_98' title='bbox 1483 2939 1599 2990; x_wconf 89' lang='lat' dir='ltr'>mace·</span> <span class='ocrx_word' id='word_1_99' title='bbox 1738 2995 1739 3004; x_wconf 9' lang='grc' dir='ltr'>χ</span> 
     </span>
    </p>
   </div>
   <div class='ocr_carea' id='block_1_6' title="bbox 401 3045 1599 3648">
    <p class='ocr_par' dir='ltr' id='par_1_7' title="bbox 401 3045 1599 3393">
     <span class='ocr_line' id='line_1_17' title="bbox 401 3045 1599 3139; baseline -0.003 -20"><span class='ocrx_word' id='word_1_100' title='bbox 401 3052 539 3120; x_wconf 91' lang='lat' dir='ltr'>rentur.</span> <span class='ocrx_word' id='word_1_101' title='bbox 572 3047 731 3139; x_wconf 85' lang='lat' dir='ltr'>Liquere</span> <span class='ocrx_word' id='word_1_102' title='bbox 768 3046 853 3119; x_wconf 92' lang='lat' dir='ltr'>dein</span> <span class='ocrx_word' id='word_1_103' title='bbox 890 3047 1056 3118; x_wconf 88' lang='lat' dir='ltr'>detracto</span> <span class='ocrx_word' id='word_1_104' title='bbox 1086 3046 1246 3118; x_wconf 89' lang='lat' dir='ltr'>addatur</span> <span class='ocrx_word' id='word_1_105' title='bbox 1278 3045 1429 3117; x_wconf 90' lang='lat' dir='ltr'>residuo</span> <span class='ocrx_word' id='word_1_106' title='bbox 1463 3045 1599 3117; x_wconf 89' lang='lat' dir='ltr'>iteratis</span> 
     </span>
     <span class='ocr_line' id='line_1_18' title="bbox 401 3172 1599 3265; baseline -0.001 -20"><span class='ocrx_word' id='word_1_107' title='bbox 401 3174 543 3246; x_wconf 86' lang='lat' dir='ltr'>vicibus</span> <span class='ocrx_word' id='word_1_108' title='bbox 570 3196 669 3246; x_wconf 92' lang='lat' dir='ltr'>nova</span> <span class='ocrx_word' id='word_1_109' title='bbox 698 3173 880 3245; x_wconf 84' lang='lat' dir='ltr'>menstrui</span> <span class='ocrx_word' id='word_1_110' title='bbox 909 3172 1110 3265; x_wconf 71' lang='lat' dir='ltr'>quantitas</span> <span class='ocrx_word' id='word_1_111' title='bbox 1142 3173 1261 3245; x_wconf 89' lang='lat' dir='ltr'>donec</span> <span class='ocrx_word' id='word_1_112' title='bbox 1293 3194 1361 3263; x_wconf 91' lang='lat' dir='ltr'>pro</span> <span class='ocrx_word' id='word_1_113' title='bbox 1394 3193 1472 3244; x_wconf 90' lang='lat' dir='ltr'>una</span> <span class='ocrx_word' id='word_1_114' title='bbox 1499 3178 1599 3265; x_wconf 89' lang='lat' dir='ltr'>parte</span> 
     </span>
     <span class='ocr_line' id='line_1_19' title="bbox 402 3299 1369 3393; baseline -0.003 -20"><span class='ocrx_word' id='word_1_115' title='bbox 402 3302 633 3374; x_wconf 89' lang='lat' dir='ltr'>substantiae</span> <span class='ocrx_word' id='word_1_116' title='bbox 653 3301 770 3374; x_wconf 92' lang='lat' dir='ltr'>denae</span> <span class='ocrx_word' id='word_1_117' title='bbox 789 3305 915 3393; x_wconf 87' lang='lat' dir='ltr'>partes</span> <span class='ocrx_word' id='word_1_118' title='bbox 935 3301 1117 3373; x_wconf 89' lang='lat' dir='ltr'>tincturae</span> <span class='ocrx_word' id='word_1_119' title='bbox 1138 3299 1369 3372; x_wconf 85' lang='lat' dir='ltr'>defluxerint.</span> 
     </span>
    </p>

    <p class='ocr_par' dir='ltr' id='par_1_8' title="bbox 402 3427 1599 3648">
     <span class='ocr_line' id='line_1_20' title="bbox 512 3427 1599 3520; baseline -0.002 -19"><span class='ocrx_word' id='word_1_120' title='bbox 512 3429 710 3503; x_wconf 89' lang='lat' dir='ltr'>Tincturae</span> <span class='ocrx_word' id='word_1_121' title='bbox 737 3435 936 3502; x_wconf 89' lang='lat' dir='ltr'>serventur</span> <span class='ocrx_word' id='word_1_122' title='bbox 963 3428 1000 3501; x_wconf 92' lang='lat' dir='ltr'>in</span> <span class='ocrx_word' id='word_1_123' title='bbox 1024 3427 1168 3519; x_wconf 84' lang='lat' dir='ltr'>lagenis</span> <span class='ocrx_word' id='word_1_124' title='bbox 1194 3428 1332 3520; x_wconf 90' lang='lat' dir='ltr'>optime</span> <span class='ocrx_word' id='word_1_125' title='bbox 1352 3427 1500 3516; x_wconf 88' lang='lat' dir='ltr'>clausis,</span> <span class='ocrx_word' id='word_1_126' title='bbox 1521 3429 1599 3499; x_wconf 88' lang='lat' dir='ltr'>loco</span> 
     </span>
     <span class='ocr_line' id='line_1_21' title="bbox 402 3555 1451 3648; baseline -0.006 -17"><span class='ocrx_word' id='word_1_127' title='bbox 402 3557 563 3631; x_wconf 91' lang='lat' dir='ltr'>obscuro</span> <span class='ocrx_word' id='word_1_128' title='bbox 584 3562 621 3630; x_wconf 91' lang='lat' dir='ltr'>et</span> <span class='ocrx_word' id='word_1_129' title='bbox 641 3557 782 3648; x_wconf 83' lang='lat' dir='ltr'>frigido</span> <span class='ocrx_word' id='word_1_130' title='bbox 804 3556 960 3629; x_wconf 90' lang='lat' dir='ltr'>Nonnisi</span> <span class='ocrx_word' id='word_1_131' title='bbox 979 3555 1152 3647; x_wconf 88' lang='lat' dir='ltr'>limpidae</span> <span class='ocrx_word' id='word_1_132' title='bbox 1173 3555 1451 3646; x_wconf 87' lang='lat' dir='ltr'>dispensentur.</span> 
     </span>
    </p>
   </div>
   <div class='ocr_carea' id='block_1_7' title="bbox 553 3949 1450 4093">
    <p class='ocr_par' dir='ltr' id='par_1_9' title="bbox 553 3949 1450 4093">
     <span class='ocr_line' id='line_1_22' title="bbox 553 3949 1450 4093; baseline -0.004 -31"><span class='ocrx_word' id='word_1_133' title='bbox 553 3953 815 4062; x_wconf 71' lang='lat' dir='ltr'>&#39;tinctura</span> <span class='ocrx_word' id='word_1_134' title='bbox 844 3949 1113 4059; x_wconf 82' lang='lat' dir='ltr'>dbsintbii</span> <span class='ocrx_word' id='word_1_135' title='bbox 1141 3951 1450 4093; x_wconf 85' lang='lat' dir='ltr'>composita.</span> 
     </span>
    </p>
   </div>
   <div class='ocr_carea' id='block_1_8' title="bbox 405 4181 1739 4290">
    <p class='ocr_par' dir='ltr' id='par_1_10' title="bbox 405 4181 1739 4290">
     <span class='ocr_line' id='line_1_23' title="bbox 405 4181 1739 4290; baseline -0.007 -20"><span class='ocrx_word' id='word_1_136' title='bbox 405 4197 505 4290; x_wconf 85' lang='lat' dir='ltr'>Rpe:</span> <span class='ocrx_word' id='word_1_137' title='bbox 543 4191 684 4272; x_wconf 72' lang='lat' dir='ltr'>barban</span> <span class='ocrx_word' id='word_1_138' title='bbox 703 4188 882 4270; x_wconf 73' lang='lat' dir='ltr'>Absiuthii</span> <span class='ocrx_word' id='word_1_139' title='bbox 937 4197 1142 4290; x_wconf 80' lang='lat' dir='ltr'>prommoto</span> <span class='ocrx_word' id='word_1_140' title='bbox 1163 4190 1424 4288; x_wconf 72' lang='lat' dir='ltr'>quinquaqinta</span> <span class='ocrx_word' id='word_1_141' title='bbox 1556 4192 1601 4264; x_wconf 78' lang='lat'>50</span> <span class='ocrx_word' id='word_1_142' title='bbox 1738 4181 1739 4200; x_wconf 55' lang='lat'>¹</span> 
     </span>
    </p>
   </div>
   <div class='ocr_carea' id='block_1_9' title="bbox 541 4316 1601 4416">
    <p class='ocr_par' dir='ltr' id='par_1_11' title="bbox 541 4316 1601 4416">
     <span class='ocr_line' id='line_1_24' title="bbox 541 4316 1601 4416; baseline -0.008 -18"><span class='ocrx_word' id='word_1_143' title='bbox 541 4320 694 4400; x_wconf 77' lang='lat' dir='ltr'>dorttds</span> <span class='ocrx_word' id='word_1_144' title='bbox 713 4318 864 4396; x_wconf 67' lang='lat' dir='ltr'>tructus</span> <span class='ocrx_word' id='word_1_145' title='bbox 884 4316 1047 4395; x_wconf 72' lang='lat' dir='ltr'>baruntii</span> <span class='ocrx_word' id='word_1_146' title='bbox 1101 4325 1304 4415; x_wconf 76' lang='lat' dir='ltr'>pronzmoto</span> <span class='ocrx_word' id='word_1_147' title='bbox 1324 4317 1452 4416; x_wconf 76' lang='lat' dir='ltr'>vipina‘</span> <span class='ocrx_word' id='word_1_148' title='bbox 1557 4319 1601 4390; x_wconf 75' lang='lat' dir='ltr'>tt)</span> 
     </span>
    </p>
   </div>
   <div class='ocr_carea' id='block_1_10' title="bbox 542 4443 1600 4671">
    <p class='ocr_par' dir='ltr' id='par_1_12' title="bbox 542 4443 1600 4671">
     <span class='ocr_line' id='line_1_25' title="bbox 542 4443 1045 4527; baseline -0.014 0"><span class='ocrx_word' id='word_1_149' title='bbox 542 4447 685 4527; x_wconf 68' lang='lat' dir='ltr'>mucis</span> <span class='ocrx_word' id='word_1_150' title='bbox 705 4445 835 4525; x_wconf 76' lang='lat' dir='ltr'>baiani</span> <span class='ocrx_word' id='word_1_151' title='bbox 855 4443 1045 4523; x_wconf 76' lang='lat' dir='ltr'>oronottot</span> 
     </span>
     <span class='ocr_line' id='line_1_26' title="bbox 615 4571 1600 4671; baseline -0.011 -19"><span class='ocrx_word' id='word_1_152' title='bbox 615 4628 638 4671; x_wconf 85' lang='lat'>‚,</span> <span class='ocrx_word' id='word_1_153' title='bbox 709 4573 904 4652; x_wconf 70' lang='lat' dir='ltr'>Gontiana</span> <span class='ocrx_word' id='word_1_154' title='bbox 962 4572 1009 4646; x_wconf 62' lang='lat' dir='ltr'>o&#39;u</span> <span class='ocrx_word' id='word_1_155' title='bbox 1026 4578 1229 4671; x_wconf 77' lang='lat' dir='ltr'>prommuto</span> <span class='ocrx_word' id='word_1_156' title='bbox 1249 4571 1359 4643; x_wconf 82' lang='lat' dir='ltr'>decem</span> <span class='ocrx_word' id='word_1_157' title='bbox 1561 4571 1600 4642; x_wconf 86' lang='lat'>10</span> 
     </span>
    </p>
   </div>
   <div class='ocr_carea' id='block_1_11' title="bbox 544 4698 1601 4799">
    <p class='ocr_par' dir='ltr' id='par_1_13' title="bbox 544 4698 1601 4799">
     <span class='ocr_line' id='line_1_27' title="bbox 544 4698 1601 4799; baseline -0.011 -18"><span class='ocrx_word' id='word_1_158' title='bbox 544 4703 695 4781; x_wconf 64' lang='lat' dir='ltr'>corticis</span> <span class='ocrx_word' id='word_1_159' title='bbox 714 4699 931 4779; x_wconf 72' lang='lat' dir='ltr'>cinna-ont</span> <span class='ocrx_word' id='word_1_160' title='bbox 986 4706 1189 4799; x_wconf 78' lang='lat' dir='ltr'>prummota</span> <span class='ocrx_word' id='word_1_161' title='bbox 1209 4698 1373 4795; x_wconf 79' lang='lat' dir='ltr'>quinque.</span> <span class='ocrx_word' id='word_1_162' title='bbox 1582 4698 1601 4769; x_wconf 84' lang='lat'>5</span> 
     </span>
    </p>
   </div>
   <div class='ocr_carea' id='block_1_12' title="bbox 0 0 1761 5450">
    <p class='ocr_par' dir='ltr' id='par_1_14' title="bbox 0 0 1761 5450">
     <span class='ocr_line' id='line_1_28' title="bbox 0 0 1761 5450; baseline 0 0"><span class='ocrx_word' id='word_1_163' title='bbox 0 0 1761 5450; x_wconf 95' lang='lat' dir='ltr'> </span> 
     </span>
    </p>
   </div>
  </div>
 </body>
</html>
