3500 5450
645 602 853 674 -101-

151 820 342 894 ammonia
362 820 490 894 addita
503 818 791 913 praecipitatum
811 819 913 892 ducit
933 842 979 893 ex
1004 820 1109 892 fusco
1137 820 1293 894 rubrum
1313 828 1349 895 et

152 948 200 1021 ad
229 947 482 1021 ebullitionem
520 948 709 1037 calefacta,
749 947 979 1020 ammoniam
1017 946 1162 1019 emittit.
1207 948 1349 1021 Solutio

151 1097 298 1167 aquosa
323 1075 451 1164 diluta,
481 1075 858 1168 balio-ferrocyanato
888 1076 1066 1164 admixto,
1097 1081 1178 1148 tum
1198 1076 1350 1149 demum

151 1203 437 1297 praecipitatum
470 1203 683 1276 caeruleum
730 1203 850 1293 efficit,
900 1224 1018 1296 quum
1056 1203 1193 1275 solutio
1242 1203 1348 1275 acido

152 1331 437 1423 hydrochlorico
471 1329 579 1403 acida
610 1330 710 1403 facta
742 1330 864 1404 fuerit.
899 1330 1273 1421 Kalio-ferricyanato
1302 1351 1349 1403 ne

151 1463 326 1533 mutetur.

263 1586 407 1660 Solutio
436 1608 584 1679 aquosa
616 1586 742 1674 acidiS,
773 1591 809 1660 et
833 1585 1120 1678 hydrochlorico
1150 1591 1186 1658 et
1203 1586 1348 1676 uitrico,

151 1716 287 1807 frigore
321 1714 609 1806 praecipitatum
641 1715 783 1787 ssavum
815 1714 928 1802 ducit,
959 1713 1061 1806 quod
1086 1713 1349 1802 calefaciendo,

150 1843 279 1935 utique
300 1863 401 1935 aqua
420 1840 608 1914 destillata
627 1840 785 1934 adjecta,
806 1863 940 1914 rursus
961 1840 1130 1914 solvitur.

262 1969 479 2042 Grammata
512 1970 587 2041 duo
620 1967 736 2060 hujus
769 1971 982 2062 praeparati
1014 1969 1203 2042 indecem
1236 1969 1349 2042 centi-

153 2097 281 2170 metris
320 2096 461 2169 cubicis
496 2118 597 2188 aqua
626 2096 761 2184 soluta,
790 2096 924 2169 deinde
953 2119 1039 2170 cum
1070 2097 1198 2170 decem
1237 2097 1348 2169 centi-

152 2225 280 2299 melris
315 2224 454 2298 cubicis
488 2224 585 2296 acidi
618 2223 786 2298 sulfurici
821 2225 926 2297 diluti
946 2224 1063 2297 mixta
1095 2228 1133 2296 et
1159 2223 1348 2312 calefacta,

151 2352 379 2425 solutionem
397 2351 654 2444 refrigeratam
685 2351 881 2445 limpidam
914 2351 1129 2442 praebeant,
1164 2372 1261 2443 quae
1291 2350 1349 2422 bis

153 2501 239 2552 cum
272 2480 409 2552 vicenis
445 2480 671 2554 centimetris
711 2479 849 2552 cubicis
885 2478 1046 2551 aetheris
1081 2481 1348 2570 conquassata,

151 2607 237 2680 huic
271 2612 415 2700 partem
450 2607 545 2681 acidi
580 2607 694 2680 citrici
727 2606 891 2679 tradunt.
937 2605 1101 2679 Aethere
1135 2609 1348 2697 evaporato,

151 2736 345 2809 residuum
359 2735 397 2808 in
411 2736 546 2808 balneo
558 2757 678 2827 aquae
690 2736 873 2808 siccatum
883 2739 919 2808 et
929 2755 1016 2806 cum
1030 2734 1189 2826 decupla
1201 2732 1348 2825 quanti·

152 2869 227 2936 tate
248 2864 344 2935 acidi
364 2863 532 2937 sulsmici
551 2862 780 2936 concentrati
799 2861 839 2933 in
858 2861 994 2934 balneo
1015 2882 1136 2953 aquae
1167 2860 1214 2932 ad
1239 2859 1314 2931 100
1329 2862 1347 2895 0

152 2990 385 3079 calefactum,
401 2990 629 3063 solutionem
648 2992 786 3063 flavam
801 2989 992 3081 praebeat,
1014 3010 1110 3081 quae
1122 2987 1193 3060 etsi
1213 2987 1351 3059 diutius

152 3116 333 3190 calefacta
353 3118 517 3190 colorem
536 3140 581 3189 ex
602 3119 708 3190 lusco
723 3118 879 3190 rubrum
893 3117 1109 3188 velluscum
1123 3137 1170 3188 ne
1185 3114 1350 3207 recipiat.

152 3244 295 3318 Solutio
317 3266 473 3336 aquosa,
495 3244 603 3317 acido
630 3246 762 3318 uitrico
797 3244 994 3331 acidulata,
1030 3243 1156 3315 addito
1195 3246 1349 3333 argento

151 3373 284 3445 uitrico
304 3372 352 3445 ad
373 3394 566 3475 summum
586 3373 745 3466 vestigia
773 3370 997 3444 turbationis
1021 3371 1212 3463 praebeat,
1232 3370 1349 3460 baryo

152 3499 284 3573 uitrico
304 3521 351 3573 ne
371 3503 548 3572 mutetur.

261 3626 303 3700 ln
340 3631 524 3720 apparatu
560 3626 712 3700 Marshii
759 3626 1014 3699 examinatum
1058 3647 1106 3697 ne
1153 3623 1350 3716 vestigium

153 3755 303 3847 quidem
322 3754 464 3847 speculi
484 3753 643 3828 arsenici
663 3753 807 3845 prodat.

215 4204 438 4312 llcrrum
464 4201 941 4347 hydrooxydatum
967 4201 1296 4342 dialysatum

606 4365 888 4507 liquidum.

262 4629 459 4720 Dialyseos
470 4651 542 4722 ope
553 4651 598 4701 ex
609 4629 705 4701 ferro
718 4626 1016 4720 sesquichlorato
1027 4626 1155 4699 basico
1165 4631 1349 4718 paratum,

154 4757 327 4832 exhibeat
344 4757 530 4851 liquorem
549 4755 753 4848 limpidum,
775 4754 912 4827 coloris
941 4753 1087 4827 intense
1115 4752 1227 4842 rubri,
1247 4774 1348 4825 reac-
