3500 5450
865 583 1100 656 —13b-

822 795 1141 905 Galbanum.

687 1005 1007 1086 Gummi-resina
1030 1005 1268 1086 Galbanum.

485 1202 632 1275 Succus
681 1203 1017 1294 gummiresinosus
1066 1210 1150 1276 a'e'rc
1198 1203 1416 1290 induratus,
1465 1226 1575 1295 quem

372 1330 538 1401 offerunt
552 1330 698 1421 species
711 1330 858 1402 Ferulae
868 1331 906 1402 in
917 1330 1049 1402 Persia
1060 1329 1353 1423 septemtrionali
1364 1336 1575 1418 nascentes,

374 1456 637 1529 verisimillime
658 1457 791 1529 berula
818 1458 1041 1554 palbaaiflaa
1070 1458 1272 1530 Boissier
1300 1462 1337 1530 ct
1365 1456 1510 1530 Buhse
1539 1464 1577 1531 et

372 1583 505 1656 Ferale
525 1584 740 1657 ναὸνιέααίίε
760 1585 978 1657 Boissier.
1007 1583 1254 1679 Umbelliserae.

480 1712 629 1784 Prostat
658 1712 695 1784 in
715 1713 844 1804 granis
865 1712 1049 1800 discretis
1083 1713 1156 1805 pisi
1177 1712 1234 1785 vel
1255 1712 1363 1785 raucis
1382 1695 1573 1804 juglandis

371 1837 637 1930 magnitudine,
677 1839 930 1929 subglobosis,
957 1844 1066 1911 extus
1101 1839 1237 1911 coloris
1273 1861 1293 1912 e
1327 1839 1426 1910 ssavo
1461 1841 1518 1911 vel
1554 1862 1575 1912 c

371 1965 552 2040 subviridi
594 1966 859 2054 tumescentis,
913 1967 950 2039 in
999 1966 1166 2039 fractura
1210 1967 1397 2040 conchata
1440 1967 1575 2039 coloris

372 2094 483 2166 albidi
512 2095 570 2167 vel
595 2093 765 2182 subflavi,
797 2115 906 2168 cerae
926 2094 1045 2167 instar
1064 2094 1279 2182 nitentibus,
1299 2093 1338 2166 in
1358 2095 1576 2186 fragmentis

373 2221 548 2294 tenuibus
574 2221 788 2313 diaphaniS,
819 2222 941 2294 calore
970 2221 1285 2309 mollescentibus,
1306 2227 1371 2293 aut
1391 2221 1428 2293 in
1448 2223 1576 2313 granis

372 2348 468 2423 inter
502 2370 543 2422 se
575 2348 853 2441 conglutinatis
881 2356 946 2422 aut
974 2349 1012 2421 in
1041 2349 1180 2421 massis
1211 2349 1417 2442 compactis
1444 2349 1576 2421 viride·

374 2477 638 2550 sconti-luscis.

481 2603 583 2676 Odor
603 2603 911 2695 gummi-resinae
927 2609 983 2676 cst
997 2603 1197 2696 peculiaris
1217 2604 1457 2694 balsamicus‚
1472 2604 1576 2678 haud

376 2738 515 2824 gratus,
546 2754 661 2825 sapor
695 2732 941 2821 aromaticuS,
971 2731 1066 2805 acris
1096 2737 1134 2805 ct
1167 2753 1328 2805 amarus,
1359 2732 1461 2806 Trita
1489 2755 1577 2806 cum

375 2881 475 2953 aqua
494 2860 741 2934 emulsionem
764 2860 890 2932 albam
915 2860 1079 2953 praebet.
1108 2860 1218 2952 Aqua
1246 2860 1416 2933 Galbano
1446 2882 1578 2954 super·

374 2987 472 3076 fusa,
512 2987 640 3059 addita
673 2991 780 3079 gutta
809 3007 886 3059 una
917 2987 1143 3077 ammoniae,
1174 2988 1297 3060 colore
1332 2987 1578 3061 subcaeruleo

374 3115 579 3199 lluorescit;
591 3113 739 3186 acidum
756 3113 1084 3204 lrydrocbloricum
1097 3115 1400 3205 gummi-resinae
1411 3115 1574 3187 affusum

375 3241 478 3314 brevi
497 3246 666 3333 tempore
687 3241 852 3314 colorem
870 3261 1103 3332 purpureum
1121 3240 1252 3314 induit.

481 3370 646 3462 Eligatur
660 3392 765 3442 merx
781 3369 920 3462 purior,
938 3392 956 3441 e
973 3368 1098 3460 panis
1115 3369 1172 3440 vel
1189 3390 1209 3439 e
1225 3369 1364 3440 massis
1386 3373 1576 3456 constans,

372 3498 509 3591 quibus
547 3498 710 3590 plurima
747 3518 868 3588 grana
905 3517 1001 3589 pura
1039 3495 1178 3568 insunt.
1222 3494 1497 3568 Pulverandum
1538 3503 1576 3569 et

372 3625 637 3718 depurandum
657 3631 713 3697 est
725 3625 936 3699 Galbanum
955 3625 1087 3696 codem
1103 3624 1216 3696 modo
1232 3629 1274 3695 ut
1289 3623 1575 3696 Ammoniacum

374 3759 410 3826 et
432 3753 512 3824 Asa
533 3752 685 3825 foetida.

476 3877 721 3974 Eraplastrum
741 3901 972 3974 oxycrocearn.

867 4160 1075 4272 Gallae.

476 4369 773 4455 Excrescentiae,
795 4369 832 4441 in
855 4367 1013 4441 ramulis
1029 4369 1220 4442 varietatis
1246 4368 1437 4442 orientalis
1464 4362 1579 4459 oae·-'

365 4522 425 4570 cus
466 4494 690 4568 teotonicae
730 4497 899 4588 (Webb)
939 4496 1017 4569 ictu
1057 4497 1201 4593 Crsaapis
1236 4496 1362 4568 Gallae
1389 4497 1569 4567 tinctoriac

365 4622 567 4716 (Olivier)
598 4623 714 4697 laesis
748 4631 960 4714 nascentes
994 4626 1185 4717 globosae,
1221 4646 1338 4698 unum
1365 4624 1413 4696 ad
1442 4624 1515 4696 duo
1536 4628 1572 4695 et

365 4750 559 4823 dimidium
608 4751 827 4824 centimetra
875 4752 913 4823 in
961 4752 1160 4841 diametro,
1218 4752 1361 4825 inferne
1414 4750 1568 4843 paulum
