3500 5450
638 540 846 608 ,93-

254 753 401 826 Macera
428 776 495 846 per
527 753 656 846 viginti
683 759 846 846 quatuor
875 754 1001 842 horus,
1037 754 1172 828 deinde
1201 755 1340 829 sortiter

144 882 309 975 exprime
329 886 365 955 et
384 881 535 956 residuo
557 882 708 956 aliunde

280 1007 401 1106 liquo
422 1006 633 1085 instillatus
684 1015 887 1104 prommoto
906 1008 1009 1079 ncilla
1240 1010 1342 1083 1000

250 1137 341 1210 Post
373 1137 546 1211 iteratam
574 1159 642 1229 per
669 1136 797 1229 viginti
832 1141 995 1228 quatuor
1022 1137 1139 1208 horas
1174 1157 1339 1208 macera·

143 1264 284 1338 tionem
310 1270 346 1338 et
365 1264 660 1357 expressionem,
680 1263 846 1356 liquores
868 1263 1091 1336 commixtos
1115 1262 1342 1336 subsidendo

144 1392 348 1483 depuratos
387 1396 425 1464 et
462 1392 510 1464 ad
550 1391 807 1466 ebullitionem
851 1391 1063 1477 calefactos
1106 1390 1243 1463 deinde
1276 1412 1344 1485 per

143 1540 311 1611 pannum
358 1520 501 1591 eolatos
544 1518 583 1591 in
621 1517 760 1592 balneo
801 1540 923 1610 aquae
962 1517 1009 1590 ad
1057 1516 1344 1591 consistentiam

144 1646 296 1721 extracti
315 1646 429 1738 spissi
448 1666 626 1739 evapora.

426 1968 742 2077 llxnaotum
770 1965 1055 2077 Graminis

253 2227 409 2302 Paretur
438 2249 458 2301 e
487 2228 627 2301 Radice
658 2227 843 2301 Graminis
873 2227 1026 2300 concisa
1062 2233 1103 2301 ut
1132 2229 1345 2302 Extinctum

146 2356 360 2443 Gentianae,
387 2357 628 2450 evaporando
656 2356 705 2428 ad
734 2355 1018 2429 consistentiam
1038 2357 1190 2429 extract
1211 2357 1349 2431 tenuis
1439 2447 1444 2466 x

288 2812 796 2921 meracium
835 2808 1219 2923 Graeculi.

420 3056 661 3134 Extractum
684 3054 860 3133 Punicae
885 3053 1068 3134 Granati.

254 3249 411 3325 Paretur
438 3273 457 3324 e
488 3251 632 3324 Cortice
662 3248 817 3324 Granati
841 3250 1035 3341 pulverato
1063 3254 1103 3322 ut
1133 3247 1347 3322 Extractum

147 3377 303 3450 Aconiti.

200 3812 705 3921 lloelracmm
741 3809 1299 3947 averruncare

553 3974 938 4106 fluidum.
1332 4040 1335 4045 ·

149 4196 250 4290 Rpe:
285 4193 433 4272 urriols
454 4193 681 4294 ilydrmtlrlis
701 4192 919 4271 0010100010
939 4193 1152 4296 pulverum

799 4330 999 4420 praeamata
1019 4330 1151 4395 centum
1272 4325 1346 4396 100

258 4452 444 4525 Humecta
462 4453 655 4545 pulverem
676 4473 761 4525 eum

287 4576 445 4678 Spiritus
466 4575 542 4653 Vini
563 4577 672 4655 diluti
811 4602 843 4673 q.
864 4602 906 4670 s,

151 4708 241 4800 quin
261 4707 514 4801 conglobetur.
538 4707 686 4798 Sepone
706 4728 774 4799 per
792 4707 937 4779 horam.
