3500 5450
666 554 910 626 -061-

293 771 459 845 Miscella
485 771 636 864 saepius
666 771 842 863 agitando
869 776 944 845 stet
971 789 1039 862 per
1062 770 1170 860 diem,
1190 773 1271 841 tum
1290 768 1385 842 sedi·

184 902 352 971 mentum
366 920 390 970 a
403 899 546 990 liquore
562 904 789 992 separatum,
808 919 968 991 prorsus
988 896 1131 970 elutum
1151 901 1187 969 et
1207 897 1388 969 siccatum

182 1047 250 1118 per
270 1026 431 1098 cribrum
450 1025 666 1116 trajiciatur.

293 1152 347 1224 Sit
375 1153 499 1244 pulvis
531 1153 687 1246 subtilia,
708 1154 883 1242 citrinuS,
918 1151 1162 1239 siccissimas
1201 1153 1263 1244 qni
1301 1174 1386 1225 cum

183 1280 774 1372 ammoniaquassatusfiltrando
784 1280 1156 1373 liquorempraebeat
1165 1279 1384 1370 decolorem,

182 1411 268 1511 post
289 1407 591 1499 evaporationem
619 1408 710 1482 nihil
729 1408 867 1481 residui
886 1408 1174 1500 relinquentem3
1194 1406 1384 1481 humecta·

182 1540 244 1607 tus
264 1555 364 1626 aqua
383 1534 552 1609 chartam
570 1536 858 1628 exploratoriarn
878 1536 1090 1609 caeruleam
1108 1555 1156 1606 ne
1175 1534 1215 1607 in
1233 1535 1385 1608 rubram
1532 1600 1538 1612 .

182 1665 311 1734 mutet.

291 1787 529 1863 Fervefactus
550 1790 728 1884 deflagrat
745 1791 897 1864 residuo
915 1789 1117 1882 perexiguo
1136 1790 1276 1863 relicto,

292 1914 414 1987 Pulvis
432 1914 650 2013 Diquiritioe
669 1918 888 2015 compositus.

461 2200 645 2313 Sullur
669 2204 1109 2348 praecipitatum.

637 2398 724 2476 Lao
747 2396 922 2476 sulfuris.

180 2568 280 2661 Rpe:
316 2566 424 2645 dalcll
439 2567 585 2670 orytau
600 2576 769 2652 recenter
782 2573 857 2651 usti
884 2579 1087 2671 mummola
1097 2572 1255 2645 ducenta.
1304 2572 1382 2646 000

288 2695 331 2770 ln
350 2697 471 2772 lebete
490 2699 611 2774 ferreo
633 2724 719 2776 eum

315 2822 436 2926 Aque
488 2831 662 2925 qrammia
681 2832 775 2904 mille
789 2830 945 2905 ducentis
1277 2828 1380 2901 1000

176 2952 217 3025 in
234 2953 379 3045 pultem
398 2955 559 3029 redactis
578 2959 745 3033 admisce

315 3076 471 3157 Suliuris
490 3079 676 3165 sublimati
729 3093 936 3184 qrammatu
955 3086 1145 3183 quinqentu
1302 3085 1380 3158 500

312 3205 433 3306 Aque
496 3219 735 3306 qrammutum
754 3215 908 3311 quinque
927 3214 1052 3286 millia.
1274 3212 1379 3285 5000

288 3335 401 3410 Mixta
421 3337 493 3410 sub
509 3339 688 3414 continua
703 3342 906 3433 agitatione
928 3345 1139 3434 coquantur
1156 3359 1224 3431 per
1244 3339 1380 3412 horam

175 3483 313 3554 aquam
333 3470 573 3556 evaporatam
593 3468 750 3542 subinde
770 3471 1013 3543 restituendo

283 3590 377 3664 Dein
396 3591 581 3684 liquorem
605 3595 766 3668 defunde
798 3597 838 3670 in
863 3598 1049 3690 lagenam,
1074 3599 1162 3689 post
1187 3596 1377 3689 refrigera-

173 3717 314 3790 tionem
332 3719 428 3792 bene
448 3720 615 3794 clausam
635 3728 671 3796 et
689 3723 884 3798 residuum
905 3726 1029 3797 denuo
1050 3744 1168 3815 coque
1189 3744 1274 3796 curn

310 3841 430 3942 Aque
502 3856 743 3946 yrummatum
763 3851 875 3924 tritus
895 3852 1051 3925 millibus
1273 3853 1377 3925 3000

172 3990 240 4063 per
258 3972 497 4047 semihoram.

281 4099 390 4173 Hunc
414 4123 563 4195 quoque
591 4103 776 4197 liquorem
804 4106 843 4178 in
862 4105 1035 4198 lagenam
1061 4107 1224 4194 infunde,
1255 4127 1274 4178 e
1303 4126 1380 4197 qua

171 4225 380 4301 sedimento
419 4229 599 4322 deposito,
643 4233 813 4326 siphonis
852 4254 924 4326 ope
962 4235 1146 4327 liquorem
1183 4230 1379 4324 limpidum

171 4353 350 4428 abstrahe
384 4357 423 4428 in
456 4379 523 4431 vas
552 4360 646 4432 satis
676 4382 810 4453 caper,
840 4367 875 4434 et
906 4362 1070 4435 admisce
1100 4361 1169 4434 sub
1202 4358 1378 4433 continua

172 4480 372 4573 agitatione
391 4485 598 4558 miscellam
618 4508 663 4559 ex

307 4605 410 4685 laidi
429 4608 702 4712 hydroeblcrlcl
723 4614 950 4693 conoe-trau
970 4614 1053 4715 puri

534 4763 566 4836 q.
588 4762 617 4813 s.
641 4741 797 4832 (circiter
813 4749 1018 4840 yrammatu
1036 4745 1266 4843 septinqentu)
