3500 5450
665 560 908 638 *183-

596 785 617 893 l
643 776 986 921 Naphtolum.

295 997 485 1073 Lamellae
512 1001 761 1093 crystallinae,
793 1002 911 1091 albae,
936 1002 1068 1076 nitoris
1089 1002 1230 1093 sericei,
1260 1000 1386 1076 odoris

186 1128 264 1200 fere
298 1134 489 1220 experteS,
526 1130 672 1222 saporis
705 1130 860 1218 urentis,
894 1131 964 1203 sub
995 1135 1248 1224 temperatura
1283 1130 1383 1202 1u30

185 1255 457 1349 liquescentes3
490 1256 529 1328 in
554 1279 654 1351 aqua
685 1257 819 1349 frigida
850 1279 996 1350 parum,
1025 1257 1171 1330 difficile
1189 1258 1227 1330 in
1246 1257 1388 1331 fervida

186 1384 394 1473 solvuntur,
422 1383 531 1458 facile
556 1384 594 1456 in
621 1384 755 1476 spiritu
781 1384 873 1474 vini,
909 1384 1076 1473 aethere,
1111 1384 1385 1475 chloroformio,

185 1510 355 1600 banzola,
377 1511 470 1584 oleis
489 1511 690 1605 pinguibus
710 1512 804 1585 etin
825 1511 1075 1586 solutionibus
1095 1512 1272 1585 aloalinis.

295 1639 439 1714 Solutio
457 1661 605 1733 aquosa
619 1639 716 1713 ferro
732 1639 1031 1733 sesquichlorato
1045 1639 1206 1732 primum
1222 1639 1386 1712 colorem

92 1792 100 1803 ·
185 1767 469 1842 viridescentem
484 1768 613 1857 induit,
634 1773 714 1842 turn
729 1769 867 1842 floccos
884 1766 991 1839 albos
1006 1766 1166 1840 demittit
1172 1789 1181 1853 ;
1196 1766 1388 1838 annnonia

185 1897 308 1968 colore
327 1895 761 1969 subcaeruleo·violaceo
781 1894 980 1969 fluorescit.

294 2022 436 2097 Solutio
475 2046 630 2118 aquosa,
674 2045 746 2116 ope
784 2022 895 2096 natrii
932 2021 1206 2114 hydrooxydati
1244 2021 1386 2110 effecta,

184 2149 449 2224 chloroformio
470 2151 597 2235 addito
618 2152 783 2225 colorem
802 2151 1016 2224 caeruleum
1035 2148 1159 2222 trahit.

293 2277 437 2352 Solutio
458 2299 604 2371 aquosa
622 2279 761 2351 fervide
782 2283 951 2351 sarmata
970 2278 1066 2351 ferro
1087 2276 1386 2369 sesqulchlorato

184 2405 308 2480 colore
328 2405 496 2479 violaceo
515 2426 563 2478 ne
582 2405 758 2498 tingatur.

295 2531 389 2607 Cum
408 2530 612 2625 vaporibus
633 2532 788 2625 aquosis
807 2531 957 2604 nonnisi
977 2531 1126 2604 difficile
1146 2529 1311 2622 auffugit.

293 2659 456 2753 ignitum
476 2657 556 2733 sine
575 2658 729 2734 residuo
749 2659 955 2733 comburat.

482 3030 726 3141 Natrium
754 3033 1082 3141 boracioum.

701 3261 850 3340 Borax.

292 3454 463 3548 Crystalli
491 3455 740 3549 prismaticae,
767 3456 969 3546 decolores
990 3456 1027 3528 in
1053 3461 1138 3528 abre
1158 3454 1384 3543 fatiscentes,

183 3583 304 3656 calore
324 3584 536 3677 liquescunt
566 3589 602 3657 et
625 3583 757 3656 fortius
777 3585 979 3658 calefactae
1004 3583 1043 3655 in
1074 3604 1242 3655 massam
1272 3603 1384 3676 spon-

182 3711 328 3803 giosam
357 3753 402 3766 -
433 3712 615 3784 Boracem
643 3715 771 3784 ustam
803 3754 849 3765 —
878 3718 1082 3785 mutantur.
1114 3711 1319 3784 Solvuntur
1346 3710 1384 3782 in

181 3840 350 3931 partibus
375 3840 421 3912 17
444 3860 566 3932 aquae
585 3838 751 3930 frigidae,
772 3839 890 3912 multo
906 3839 1050 3912 facilius
1064 3839 1103 3910 in
1124 3859 1224 3930 aqua
1241 3836 1385 3910 fervida

182 3972 219 4041 et
246 3967 285 4039 in
320 3967 519 4060 glycerino.
549 3966 674 4038 Borax
707 3987 778 4058 ope
808 3988 923 4040 ansae
952 3966 1003 4038 tili
1031 3965 1182 4058 platinei
1210 3965 1384 4037 flammae

183 4094 345 4182 admota,
375 4093 473 4166 hano
502 4093 625 4164 colore
654 4093 764 4183 flavo,
799 4094 906 4166 acido
937 4092 1114 4166 sulfurico
1143 4096 1384 4166 concentrato

182 4221 319 4310 addito,
341 4222 464 4293 colore
484 4219 592 4293 viridi
611 4219 737 4292 inficit.

291 4348 435 4422 Solutio
451 4369 606 4440 aquosa,
621 4346 822 4421 reactionis
839 4347 1029 4437 alcalinae,
1046 4367 1115 4419 nec
1131 4366 1231 4438 aqua
1246 4345 1379 4436 hydro·

182 4475 374 4565 sulfurato,
393 4495 463 4548 nec
482 4474 672 4547 ammonio
694 4474 894 4548 carbonico
918 4478 1091 4562 mutetur,
1127 4471 1254 4545 addito
1274 4471 1382 4543 acido

181 4602 312 4676 uitrico
330 4624 378 4677 ne
399 4602 618 4676 effervescat
638 4607 675 4675 et
693 4601 809 4693 baryo
830 4602 973 4691 uitrico,
995 4605 1059 4674 aut
1076 4604 1232 4691 argento
1252 4598 1383 4671 uitrico

182 4729 328 4823 arbecto
347 4733 409 4804 vix
427 4730 605 4804 turbetur.
