3500 5450
655 567 894 641 -193-

499 778 689 891 (ileum
715 776 1060 888 ctnnamomi.

603 988 744 1070 Oleum
770 987 947 1069 Cassiae.

284 1164 312 1236 Ε
335 1164 471 1237 cortice
489 1164 714 1237 Cinnamomi
728 1166 871 1239 Cassiae
881 1165 1087 1253 obtentum,
1100 1165 1149 1238 sit
1163 1167 1374 1239 flavescens

176 1290 234 1362 vet
273 1292 508 1381 subfuscum,
546 1293 753 1386 limpidum,
791 1293 917 1366 odoris
962 1298 998 1365 et
1036 1293 1184 1385 saporis
1224 1294 1373 1366 corticis
1425 1366 1432 1395 ⁸

176 1414 411 1491 Cinnanromi
440 1420 648 1512 peculiaris,
677 1420 854 1514 ponderis
881 1442 980 1512 spec.
1012 1421 1136 1507 1-055,
1166 1419 1206 1493 in
1242 1421 1374 1512 spiritu

174 1542 248 1615 vini
267 1545 441 1618 facillime
462 1548 700 1622 solvendum.

282 1670 421 1746 Guttae
443 1680 606 1766 quatuor
625 1676 708 1766 olei,
728 1697 815 1749 cunr
835 1675 966 1748 decem
986 1673 1212 1746 centimetris
1233 1673 1375 1746 cubicis

172 1796 325 1888 spiritus
365 1800 441 1873 vini
489 1796 718 1876 concentrati
755 1803 895 1876 dilutae
941 1806 978 1874 et
1015 1805 1122 1893 gutta
1164 1822 1242 1874 una
1289 1802 1374 1873 ferri

174 1925 462 2017 sesquichlorati
492 1929 605 2001 soluti
630 1929 779 2017 mixtae,
808 1931 973 2002 colorem
1000 1928 1196 2002 dumtaxat
1222 1930 1372 2001 tuscum

172 2071 249 2124 non
264 2073 354 2124 vero
376 2056 591 2129 caeruleum
611 2062 677 2130 aut
696 2057 852 2130 viridem
871 2055 1041 2128 induant.

279 2178 442 2254 Mixtnra
461 2182 784 2257 adorco-balsamico.

593 2467 780 2577 (ileum
806 2465 955 2583 nitri.

280 2692 308 2764 Ε
328 2692 536 2786 pericarpio
555 2692 702 2797 recenti¹
720 2690 811 2765 Citri
830 2689 977 2763 lomoni
995 2691 1201 2780 obtentum,
1222 2690 1269 2764 sit
1293 2691 1371 2763 tim-

169 2818 312 2911 pidum,
337 2827 462 2910 tenne,
488 2822 624 2894 coloris
653 2841 673 2893 e
702 2819 838 2893 flavido
858 2819 1046 2912 pallentis
1076 2817 1205 2891 odoris
1224 2819 1369 2891 fructus

169 2945 258 3019 Citri
274 2947 483 3038 peculiaris,
501 2949 647 3042 saporis
677 2946 1031 3033 amaro-aromatici,
1062 2945 1238 3039 ponderis
1268 2966 1367 3038 spec.

169 3073 299 3161 0850,
344 3073 382 3145 in
426 3080 571 3167 septem
606 3074 776 3168 partibus
816 3074 969 3167 spiritus
1015 3072 1091 3145 vini
1138 3074 1366 3145 concentrati

169 3199 342 3272 solubile.

253 3419 256 3424 Ι
277 3324 439 3399 Mintura
459 3328 780 3401 oleoso-talamona.
810 3328 916 3401 Potio
935 3325 1109 3423 Mopncsii
1128 3327 1243 3398 uitrici
1270 3326 1369 3423 effer·

168 3476 305 3525 vanas.

411 3744 704 3855 mecam
749 3743 1151 3858 Crotonis.

274 3964 303 4036 E
339 3963 548 4037 seminibus
582 3965 773 4038 mundatis
800 3964 965 4038 Crotonis
989 3964 1099 4060 ttptii
1125 3962 1285 4057 (Linn.)
1306 3986 1368 4036 ex·

165 4091 363 4184 pressione
383 4090 581 4163 obtentum
600 4092 726 4165 oleum
744 4092 894 4185 pingue,
915 4094 964 4165 sit
982 4091 1190 4186 limpidum,
1209 4091 1366 4184 paulurn

165 4218 345 4311 spissum,
367 4218 500 4291 coloris
519 4218 780 4319 oroneo-ilari,
800 4219 926 4292 odoris
947 4219 1079 4292 debilis
1100 4219 1248 4311 ingrati,
1264 4219 1367 4291 hand

164 4346 319 4436 rancidi,
336 4345 483 4438 saporis
499 4345 602 4419 initio
618 4346 730 4436 mitis,
747 4348 815 4420 sed
825 4368 915 4420 mox
925 4345 1035 4418 valde
1050 4346 1148 4419 acris
1164 4352 1202 4419 et
1216 4345 1369 4436 urentis,

163 4472 344 4566 ponderis
364 4493 465 4565 spec.
488 4473 782 4547 coto-ono
802 4479 839 4547 et
855 4473 1055 4548 reactionis
1075 4474 1215 4547 acidae.

273 4597 436 4671 Maxima
462 4620 507 4671 ex
525 4606 631 4691 parte
650 4601 689 4674 in
709 4601 840 4693 spiritu
868 4600 954 4692 vini,
986 4623 1031 4675 ex
1050 4606 1129 4675 toto
1149 4601 1188 4673 in
1216 4600 1369 4673 aethere

166 4731 203 4799 et
223 4725 488 4799 chlorotormio
509 4727 676 4801 solvitur.

218 4863 414 4919 Phrermnopoca.
1155 4869 1189 4920 13
