3500 5450
651 548 881 622 ..xv-

281 765 347 853 Ad
360 764 635 854 efficiendum
644 766 895 854 Extractum
908 764 1055 853 Filicis
1072 766 1201 852 maris
1221 767 1367 853 aether

167 959 321 1039 merus,
345 960 422 1047 pro
446 930 649 1017 Extracto
674 927 878 1018 Oubebae
902 931 1050 1017 aether
1078 930 1236 1016 mixtus
1267 959 1364 1017 oum

167 1096 316 1212 spiritu
338 1094 425 1180 vini
448 1095 673 1210 hucusque
697 1091 878 1181 abhibiti
900 1096 942 1179 in
968 1123 1093 1180 usum
1123 1097 1249 1204 venit,
1282 1124 1367 1209 quo

168 1259 440 1348 conformitas
481 1259 635 1344 horum
677 1265 1023 1374 praeparatorum
1065 1286 1165 1344 cum
1207 1286 1367 1374 aequa-

169 1422 280 1511 libus
319 1423 763 1539 pharmacopoearum
797 1431 1093 1510 extranearum
1127 1423 1365 1509 restituitur.

278 1586 498 1692 Quantitas
524 1584 636 1672 acidi
653 1584 966 1699 hydrocyanici
989 1588 1032 1674 in
1049 1587 1179 1703 Aqua
1195 1587 1367 1700 Amyg-

169 1749 361 1838 datarum
380 1777 623 1837 amararum
643 1758 918 1838 concentrata
936 1758 979 1837 et
999 1751 1043 1835 in
1060 1753 1188 1866 Aqua
1203 1748 1368 1836 Lauro-

169 1915 316 2025 cerasi,
340 1913 564 2029 hucusqu'e
587 1915 628 1999 in
653 1912 823 2000 milenis
847 1911 1037 2028 partibus
1062 1911 1116 2000 ad
1137 1913 1206 1999 bd
1227 1921 1368 2028 partes

169 2080 371 2188 restricta
397 2076 452 2164 ad
476 2086 642 2193 partem
664 2105 794 2164 unam
818 2085 956 2187 aucta,
982 2106 1132 2163 verum
1155 2079 1366 2194 quantitas

169 2240 281 2330 acidi
303 2242 542 2330 arsenioosi
557 2241 600 2326 iu
624 2240 846 2330 Solutione
870 2241 1095 2328 arsenicali
1111 2241 1301 2328 Fowleri
1322 2244 1366 2327 in

170 2418 341 2495 centum
365 2403 555 2521 partibus
581 2404 637 2492 ad
659 2415 823 2522 partem
844 2390 978 2492 unam
999 2405 1175 2493 reducta
1197 2415 1271 2492 est.

283 2569 343 2656 Ut
386 2571 616 2684 Magnesio
660 2569 996 2684 hydrooxydato
1049 2569 1186 2684 major
1229 2572 1295 2655 vis
1342 2598 1365 2656 e

167 2735 362 2823 efficacia
384 2763 469 2850 qua
491 2733 729 2822 antidotum
761 2736 941 2823 arsenici
971 2733 1058 2820 albi
1082 2744 1365 2844 conservetur,

166 2900 264 2988 loco
315 2902 566 3016 praeparati,
611 2901 835 3016 hucusque
887 2897 967 2985 sub
1023 2897 1367 2986 denominatione

172 3065 476 3180 „Magnesium
490 3062 900 3177 hydroorrydatum“
913 3065 957 3149 in
971 3064 1365 3179 pharmacopoeam

167 3230 338 3345 recepti,
363 3227 605 3315 consultum
623 3228 766 3314 visum
789 3237 865 3338 est
889 3228 1269 3343 praescriptionem
1292 3255 1368 3341 pro

167 3391 357 3509 parando
396 3391 587 3479 antidoto
611 3420 665 3478 ex
687 3401 881 3508 tempore
919 3391 1067 3479 litteris
1108 3392 1364 3506 consignare

169 3563 211 3641 et
231 3554 311 3642 sub
335 3553 698 3644 denominatione:
741 3555 1020 3667 „Antidotum
1044 3557 1227 3642 arsenici
1248 3533 1368 3643 albr‘

167 3720 211 3805 in
243 3720 399 3806 seriem
426 3719 761 3807 medicaminum
799 3719 1119 3837 alphabeticam
1144 3719 1369 3807 collocare.

277 3884 347 3970 Ne
387 3883 812 3972 denominationibus
848 3914 963 3972 error
1001 3883 1239 3994 inducatur,
1285 3884 1370 3971 duo

169 4057 419 4163 praeparata
440 4049 665 4164 hucusque
688 4051 733 4134 in
763 4052 1159 4164 pharmacopoeam
1183 4055 1368 4166 recepta7

171 4241 353 4326 quorum
409 4241 540 4297 unum
596 4212 839 4300 Deccctum
885 4213 1130 4322 Zittmanni,
1188 4212 1368 4299 alterum

169 4373 318 4460 Pulvis
335 4374 516 4462 Doweri
532 4373 789 4484 inscribitur,
819 4404 907 4462 non
929 4376 1116 4492 amplius
1140 4376 1208 4461 his
1231 4378 1372 4462 nomi-

170 4535 294 4625 nibus
318 4538 602 4654 designantur.
645 4539 807 4627 Eorum
847 4539 996 4626 locum
1033 4548 1178 4627 tenent
1199 4539 1370 4626 Deccc-

171 4715 259 4790 tum
296 4703 599 4818 Sarsaparillae
638 4705 930 4820 compositum
969 4713 1012 4791 et
1048 4704 1197 4791 Pulvis
1220 4705 1370 4820 Ipcoa-
