<?xml version="1.0" encoding="UTF-8"?>
<!DOCTYPE html PUBLIC "-//W3C//DTD XHTML 1.0 Transitional//EN"
    "http://www.w3.org/TR/xhtml1/DTD/xhtml1-transitional.dtd">
<html xmlns="http://www.w3.org/1999/xhtml" xml:lang="en" lang="en">
 <head>
  <title>
</title>
<meta http-equiv="Content-Type" content="text/html;charset=utf-8" />
  <meta name='ocr-system' content='tesseract 3.04.00' />
  <meta name='ocr-capabilities' content='ocr_page ocr_carea ocr_par ocr_line ocrx_word'/>
</head>
<body>
  <div class='ocr_page' id='page_1' title='image "./pharmacopoeaaus02unkngoog_0241.png"; bbox 0 0 3500 5450; ppageno 0'>
   <div class='ocr_carea' id='block_1_1' title="bbox 621 549 864 622">
    <p class='ocr_par' dir='ltr' id='par_1_1' title="bbox 621 549 864 622">
     <span class='ocr_line' id='line_1_1' title="bbox 621 549 864 622; baseline -0.004 0"><span class='ocrx_word' id='word_1_1' title='bbox 621 549 864 622; x_wconf 81' lang='lat' dir='ltr'>-arr-</span> 
     </span>
    </p>
   </div>
   <div class='ocr_carea' id='block_1_2' title="bbox 488 760 1005 905">
    <p class='ocr_par' dir='ltr' id='par_1_2' title="bbox 488 760 1005 905">
     <span class='ocr_line' id='line_1_2' title="bbox 488 760 1005 905; baseline 0.004 -35"><span class='ocrx_word' id='word_1_2' title='bbox 488 760 663 905; x_wconf 84' lang='lat' dir='ltr'>l&#39;utpa</span> <span class='ocrx_word' id='word_1_3' title='bbox 688 761 1005 872; x_wconf 84' lang='lat' dir='ltr'>Pronorum.</span> 
     </span>
    </p>
   </div>
   <div class='ocr_carea' id='block_1_3' title="bbox 142 982 1342 2590">
    <p class='ocr_par' dir='ltr' id='par_1_3' title="bbox 144 982 1338 1207">
     <span class='ocr_line' id='line_1_3' title="bbox 144 982 1338 1085; baseline -0.001 -24"><span class='ocrx_word' id='word_1_4' title='bbox 144 988 242 1080; x_wconf 86' lang='lat' dir='ltr'>Rpe:</span> <span class='ocrx_word' id='word_1_5' title='bbox 272 984 464 1062; x_wconf 77' lang='lat' dir='ltr'>tractuum</span> <span class='ocrx_word' id='word_1_6' title='bbox 484 982 684 1063; x_wconf 73' lang='lat' dir='ltr'>Prasiorum</span> <span class='ocrx_word' id='word_1_7' title='bbox 705 985 923 1064; x_wconf 69' lang='lat' dir='ltr'>siccatorum</span> <span class='ocrx_word' id='word_1_8' title='bbox 943 990 982 1063; x_wconf 84' lang='lat' dir='ltr'>et</span> <span class='ocrx_word' id='word_1_9' title='bbox 1000 987 1226 1064; x_wconf 76' lang='lat' dir='ltr'>concisorum</span> <span class='ocrx_word' id='word_1_10' title='bbox 1252 1015 1285 1085; x_wconf 82' lang='lat' dir='ltr'>q.</span> <span class='ocrx_word' id='word_1_11' title='bbox 1308 1015 1338 1061; x_wconf 82' lang='lat' dir='ltr'>a.</span> 
     </span>
     <span class='ocr_line' id='line_1_4' title="bbox 145 1136 370 1207; baseline -0.009 -18"><span class='ocrx_word' id='word_1_12' title='bbox 145 1137 263 1207; x_wconf 90' lang='lat' dir='ltr'>coque</span> <span class='ocrx_word' id='word_1_13' title='bbox 284 1136 370 1188; x_wconf 92' lang='lat' dir='ltr'>cum</span> 
     </span>
    </p>

    <p class='ocr_par' dir='ltr' id='par_1_4' title="bbox 143 1239 986 1462">
     <span class='ocr_line' id='line_1_5' title="bbox 279 1239 766 1339; baseline -0.01 -21"><span class='ocrx_word' id='word_1_14' title='bbox 279 1240 401 1339; x_wconf 75' lang='lat' dir='ltr'>torae</span> <span class='ocrx_word' id='word_1_15' title='bbox 420 1239 630 1319; x_wconf 70' lang='lat' dir='ltr'>destinatae</span> <span class='ocrx_word' id='word_1_16' title='bbox 685 1266 711 1314; x_wconf 86' lang='lat' dir='ltr'>s.</span> <span class='ocrx_word' id='word_1_17' title='bbox 735 1266 766 1338; x_wconf 83' lang='lat' dir='ltr'>q.</span> 
     </span>
     <span class='ocr_line' id='line_1_6' title="bbox 143 1368 986 1462; baseline 0 -19"><span class='ocrx_word' id='word_1_18' title='bbox 143 1370 320 1443; x_wconf 79' lang='lat' dir='ltr'>continue</span> <span class='ocrx_word' id='word_1_19' title='bbox 341 1368 527 1460; x_wconf 81' lang='lat' dir='ltr'>agitando,</span> <span class='ocrx_word' id='word_1_20' title='bbox 548 1390 670 1462; x_wconf 86' lang='lat' dir='ltr'>usque</span> <span class='ocrx_word' id='word_1_21' title='bbox 692 1370 741 1443; x_wconf 92' lang='lat' dir='ltr'>ad</span> <span class='ocrx_word' id='word_1_22' title='bbox 761 1371 986 1444; x_wconf 91' lang='lat' dir='ltr'>emollitiem.</span> 
     </span>
    </p>

    <p class='ocr_par' dir='ltr' id='par_1_5' title="bbox 142 1495 1341 1827">
     <span class='ocr_line' id='line_1_7' title="bbox 251 1495 1341 1591; baseline 0 -20"><span class='ocrx_word' id='word_1_23' title='bbox 251 1498 396 1571; x_wconf 87' lang='lat' dir='ltr'>Pultem</span> <span class='ocrx_word' id='word_1_24' title='bbox 415 1518 482 1589; x_wconf 91' lang='lat' dir='ltr'>per</span> <span class='ocrx_word' id='word_1_25' title='bbox 502 1495 663 1569; x_wconf 85' lang='lat' dir='ltr'>cribrum</span> <span class='ocrx_word' id='word_1_26' title='bbox 693 1503 883 1572; x_wconf 85' lang='lat' dir='ltr'>setaceum</span> <span class='ocrx_word' id='word_1_27' title='bbox 907 1499 1177 1591; x_wconf 83' lang='lat' dir='ltr'>transmissum</span> <span class='ocrx_word' id='word_1_28' title='bbox 1205 1500 1341 1572; x_wconf 87' lang='lat' dir='ltr'>balneo</span> 
     </span>
     <span class='ocr_line' id='line_1_8' title="bbox 144 1624 1341 1719; baseline -0.001 -20"><span class='ocrx_word' id='word_1_29' title='bbox 144 1648 265 1719; x_wconf 85' lang='lat' dir='ltr'>aquae</span> <span class='ocrx_word' id='word_1_30' title='bbox 318 1646 481 1716; x_wconf 90' lang='lat' dir='ltr'>evapora</span> <span class='ocrx_word' id='word_1_31' title='bbox 529 1624 576 1697; x_wconf 91' lang='lat' dir='ltr'>ad</span> <span class='ocrx_word' id='word_1_32' title='bbox 625 1624 778 1698; x_wconf 74' lang='lat' dir='ltr'>extracti</span> <span class='ocrx_word' id='word_1_33' title='bbox 816 1626 1008 1718; x_wconf 86' lang='lat' dir='ltr'>spissioris</span> <span class='ocrx_word' id='word_1_34' title='bbox 1047 1626 1341 1715; x_wconf 76' lang='lat' dir='ltr'>consistentiam,</span> 
     </span>
     <span class='ocr_line' id='line_1_9' title="bbox 142 1754 277 1827; baseline -0.007 0"><span class='ocrx_word' id='word_1_35' title='bbox 142 1754 277 1827; x_wconf 90' lang='lat' dir='ltr'>deinde</span> 
     </span>
    </p>

    <p class='ocr_par' dir='ltr' id='par_1_6' title="bbox 143 1877 760 2082">
     <span class='ocr_line' id='line_1_10' title="bbox 279 1877 760 1981; baseline -0.008 -27"><span class='ocrx_word' id='word_1_36' title='bbox 279 1877 417 1981; x_wconf 73' lang='lat' dir='ltr'>Putpac</span> <span class='ocrx_word' id='word_1_37' title='bbox 473 1880 580 1952; x_wconf 80' lang='lat' dir='ltr'>ternis</span> <span class='ocrx_word' id='word_1_38' title='bbox 593 1880 760 1974; x_wconf 78' lang='lat' dir='ltr'>partitus</span> 
     </span>
     <span class='ocr_line' id='line_1_11' title="bbox 143 2010 241 2082; baseline -0.01 0"><span class='ocrx_word' id='word_1_39' title='bbox 143 2010 241 2082; x_wconf 86' lang='lat' dir='ltr'>adde</span> 
     </span>
    </p>

    <p class='ocr_par' dir='ltr' id='par_1_7' title="bbox 142 2130 1342 2465">
     <span class='ocr_line' id='line_1_12' title="bbox 281 2130 973 2233; baseline -0.009 -22"><span class='ocrx_word' id='word_1_40' title='bbox 281 2131 451 2211; x_wconf 73' lang='lat' dir='ltr'>Scortari</span> <span class='ocrx_word' id='word_1_41' title='bbox 471 2130 653 2233; x_wconf 74' lang='lat' dir='ltr'>patranti</span> <span class='ocrx_word' id='word_1_42' title='bbox 705 2140 845 2229; x_wconf 79' lang='lat' dir='ltr'>partem</span> <span class='ocrx_word' id='word_1_43' title='bbox 866 2159 973 2206; x_wconf 80' lang='lat' dir='ltr'>anam</span> 
     </span>
     <span class='ocr_line' id='line_1_13' title="bbox 143 2261 1342 2356; baseline 0 -20"><span class='ocrx_word' id='word_1_44' title='bbox 143 2270 180 2336; x_wconf 88' lang='lat' dir='ltr'>et</span> <span class='ocrx_word' id='word_1_45' title='bbox 212 2264 347 2336; x_wconf 85' lang='lat' dir='ltr'>balneo</span> <span class='ocrx_word' id='word_1_46' title='bbox 387 2283 508 2354; x_wconf 85' lang='lat' dir='ltr'>aquae</span> <span class='ocrx_word' id='word_1_47' title='bbox 546 2261 711 2353; x_wconf 89' lang='lat' dir='ltr'>inspissa</span> <span class='ocrx_word' id='word_1_48' title='bbox 748 2264 797 2334; x_wconf 80' lang='lat' dir='ltr'>acl</span> <span class='ocrx_word' id='word_1_49' title='bbox 834 2263 1037 2354; x_wconf 81' lang='lat' dir='ltr'>legitimam</span> <span class='ocrx_word' id='word_1_50' title='bbox 1073 2262 1208 2356; x_wconf 91' lang='lat' dir='ltr'>pulpae</span> <span class='ocrx_word' id='word_1_51' title='bbox 1253 2284 1342 2336; x_wconf 89' lang='lat' dir='ltr'>con-</span> 
     </span>
     <span class='ocr_line' id='line_1_14' title="bbox 142 2390 363 2465; baseline -0.009 -1"><span class='ocrx_word' id='word_1_52' title='bbox 142 2390 363 2465; x_wconf 78' lang='lat' dir='ltr'>sistentiam.</span> 
     </span>
    </p>

    <p class='ocr_par' dir='ltr' id='par_1_8' title="bbox 250 2516 701 2590">
     <span class='ocr_line' id='line_1_15' title="bbox 250 2516 701 2590; baseline 0 -1"><span class='ocrx_word' id='word_1_53' title='bbox 250 2516 491 2590; x_wconf 77' lang='lat' dir='ltr'>Eteetuaro&#39;um</span> <span class='ocrx_word' id='word_1_54' title='bbox 511 2517 701 2589; x_wconf 76' lang='lat' dir='ltr'>tenitivam.</span> 
     </span>
    </p>
   </div>
   <div class='ocr_carea' id='block_1_4' title="bbox 266 2838 1233 2984">
    <p class='ocr_par' dir='ltr' id='par_1_9' title="bbox 266 2838 1233 2984">
     <span class='ocr_line' id='line_1_16' title="bbox 266 2838 1233 2984; baseline 0.003 -37"><span class='ocrx_word' id='word_1_55' title='bbox 266 2838 439 2984; x_wconf 85' lang='lat' dir='ltr'>l&#39;utpa</span> <span class='ocrx_word' id='word_1_56' title='bbox 462 2840 916 2950; x_wconf 78' lang='lat' dir='ltr'>&#39;tamarinilorum</span> <span class='ocrx_word' id='word_1_57' title='bbox 942 2841 1233 2984; x_wconf 84' lang='lat' dir='ltr'>depurata.</span> 
     </span>
    </p>
   </div>
   <div class='ocr_carea' id='block_1_5' title="bbox 142 3061 1343 4672">
    <p class='ocr_par' dir='ltr' id='par_1_10' title="bbox 142 3061 1342 3265">
     <span class='ocr_line' id='line_1_17' title="bbox 143 3061 1342 3161; baseline 0.002 -25"><span class='ocrx_word' id='word_1_58' title='bbox 143 3064 242 3157; x_wconf 87' lang='lat' dir='ltr'>Rpe:</span> <span class='ocrx_word' id='word_1_59' title='bbox 278 3061 426 3139; x_wconf 76' lang='lat' dir='ltr'>tructus</span> <span class='ocrx_word' id='word_1_60' title='bbox 445 3062 646 3140; x_wconf 77' lang='lat' dir='ltr'>&#39;tamarintti</span> <span class='ocrx_word' id='word_1_61' title='bbox 702 3071 941 3161; x_wconf 69' lang='lat' dir='ltr'>proclamatum</span> <span class='ocrx_word' id='word_1_62' title='bbox 960 3065 1028 3137; x_wconf 81' lang='lat' dir='ltr'>duo</span> <span class='ocrx_word' id='word_1_63' title='bbox 1052 3065 1165 3136; x_wconf 74' lang='lat' dir='ltr'>cirillia</span> <span class='ocrx_word' id='word_1_64' title='bbox 1237 3065 1342 3138; x_wconf 70' lang='grc'>0000</span> 
     </span>
     <span class='ocr_line' id='line_1_18' title="bbox 142 3192 401 3265; baseline 0.008 -2"><span class='ocrx_word' id='word_1_65' title='bbox 142 3192 296 3264; x_wconf 82' lang='lat' dir='ltr'>infunde</span> <span class='ocrx_word' id='word_1_66' title='bbox 316 3213 401 3265; x_wconf 91' lang='lat' dir='ltr'>cum</span> 
     </span>
    </p>

    <p class='ocr_par' dir='ltr' id='par_1_11' title="bbox 279 3316 815 3420">
     <span class='ocr_line' id='line_1_19' title="bbox 279 3316 815 3420; baseline 0.002 -25"><span class='ocrx_word' id='word_1_67' title='bbox 279 3317 401 3420; x_wconf 70' lang='lat' dir='ltr'>Aquas</span> <span class='ocrx_word' id='word_1_68' title='bbox 420 3316 629 3397; x_wconf 72' lang='lat' dir='ltr'>destitistis</span> <span class='ocrx_word' id='word_1_69' title='bbox 652 3318 815 3397; x_wconf 83' lang='lat' dir='ltr'>territae</span> 
     </span>
    </p>

    <p class='ocr_par' dir='ltr' id='par_1_12' title="bbox 623 3448 1342 3547">
     <span class='ocr_line' id='line_1_20' title="bbox 623 3448 1342 3547; baseline 0.003 -26"><span class='ocrx_word' id='word_1_70' title='bbox 623 3454 859 3547; x_wconf 75' lang='lat' dir='ltr'>praeornatam</span> <span class='ocrx_word' id='word_1_71' title='bbox 881 3448 1014 3521; x_wconf 79' lang='lat' dir='ltr'>duobus</span> <span class='ocrx_word' id='word_1_72' title='bbox 1035 3449 1188 3521; x_wconf 76' lang='lat' dir='ltr'>ririltitus</span> <span class='ocrx_word' id='word_1_73' title='bbox 1237 3450 1342 3523; x_wconf 70' lang='grc'>0000</span> 
     </span>
    </p>

    <p class='ocr_par' dir='ltr' id='par_1_13' title="bbox 142 3576 1343 4032">
     <span class='ocr_line' id='line_1_21' title="bbox 144 3576 1343 3670; baseline 0.003 -23"><span class='ocrx_word' id='word_1_74' title='bbox 144 3597 288 3668; x_wconf 81' lang='lat' dir='ltr'>sepone</span> <span class='ocrx_word' id='word_1_75' title='bbox 309 3580 346 3649; x_wconf 92' lang='lat' dir='ltr'>et</span> <span class='ocrx_word' id='word_1_76' title='bbox 364 3577 516 3669; x_wconf 88' lang='lat' dir='ltr'>saepius</span> <span class='ocrx_word' id='word_1_77' title='bbox 537 3578 779 3669; x_wconf 82' lang='lat' dir='ltr'>agitansque</span> <span class='ocrx_word' id='word_1_78' title='bbox 806 3578 854 3650; x_wconf 85' lang='lat' dir='ltr'>ad</span> <span class='ocrx_word' id='word_1_79' title='bbox 875 3576 1153 3650; x_wconf 88' lang='lat' dir='ltr'>emollitionem.</span> <span class='ocrx_word' id='word_1_80' title='bbox 1184 3578 1343 3670; x_wconf 90' lang='lat' dir='ltr'>Putpam</span> 
     </span>
     <span class='ocr_line' id='line_1_22' title="bbox 142 3704 1342 3799; baseline 0.002 -23"><span class='ocrx_word' id='word_1_81' title='bbox 142 3726 209 3798; x_wconf 90' lang='lat' dir='ltr'>per</span> <span class='ocrx_word' id='word_1_82' title='bbox 229 3704 391 3776; x_wconf 84' lang='lat' dir='ltr'>cribrum</span> <span class='ocrx_word' id='word_1_83' title='bbox 411 3710 603 3778; x_wconf 89' lang='lat' dir='ltr'>setaceum</span> <span class='ocrx_word' id='word_1_84' title='bbox 631 3704 897 3778; x_wconf 83' lang='lat' dir='ltr'>transmissam</span> <span class='ocrx_word' id='word_1_85' title='bbox 921 3705 960 3777; x_wconf 91' lang='lat' dir='ltr'>in</span> <span class='ocrx_word' id='word_1_86' title='bbox 986 3726 1079 3777; x_wconf 89' lang='lat' dir='ltr'>vase</span> <span class='ocrx_word' id='word_1_87' title='bbox 1105 3707 1342 3799; x_wconf 89' lang='lat' dir='ltr'>porcettaneo</span> 
     </span>
     <span class='ocr_line' id='line_1_23' title="bbox 144 3831 1341 3926; baseline 0.001 -22"><span class='ocrx_word' id='word_1_88' title='bbox 144 3854 307 3924; x_wconf 86' lang='lat' dir='ltr'>evapora</span> <span class='ocrx_word' id='word_1_89' title='bbox 330 3832 367 3904; x_wconf 88' lang='lat' dir='ltr'>in</span> <span class='ocrx_word' id='word_1_90' title='bbox 381 3832 516 3906; x_wconf 89' lang='lat' dir='ltr'>balneo</span> <span class='ocrx_word' id='word_1_91' title='bbox 537 3853 657 3925; x_wconf 89' lang='lat' dir='ltr'>aquae</span> <span class='ocrx_word' id='word_1_92' title='bbox 678 3833 725 3904; x_wconf 87' lang='lat' dir='ltr'>ad</span> <span class='ocrx_word' id='word_1_93' title='bbox 747 3832 901 3906; x_wconf 80' lang='lat' dir='ltr'>extracti</span> <span class='ocrx_word' id='word_1_94' title='bbox 916 3833 1029 3926; x_wconf 86' lang='lat' dir='ltr'>spissi</span> <span class='ocrx_word' id='word_1_95' title='bbox 1050 3831 1341 3923; x_wconf 88' lang='lat' dir='ltr'>consistentiam,</span> 
     </span>
     <span class='ocr_line' id='line_1_24' title="bbox 144 3959 277 4032; baseline 0.008 -1"><span class='ocrx_word' id='word_1_96' title='bbox 144 3959 277 4032; x_wconf 88' lang='lat' dir='ltr'>deinde</span> 
     </span>
    </p>

    <p class='ocr_par' dir='ltr' id='par_1_14' title="bbox 144 4084 758 4289">
     <span class='ocr_line' id='line_1_25' title="bbox 279 4084 758 4186; baseline -0.008 -25"><span class='ocrx_word' id='word_1_97' title='bbox 279 4084 413 4186; x_wconf 72' lang='lat' dir='ltr'>Pntpac</span> <span class='ocrx_word' id='word_1_98' title='bbox 470 4088 577 4160; x_wconf 81' lang='lat' dir='ltr'>ternis</span> <span class='ocrx_word' id='word_1_99' title='bbox 590 4085 758 4183; x_wconf 81' lang='lat' dir='ltr'>portibus</span> 
     </span>
     <span class='ocr_line' id='line_1_26' title="bbox 144 4216 310 4289; baseline 0.006 -1"><span class='ocrx_word' id='word_1_100' title='bbox 144 4216 310 4289; x_wconf 86' lang='lat' dir='ltr'>admisce</span> 
     </span>
    </p>

    <p class='ocr_par' dir='ltr' id='par_1_15' title="bbox 142 4339 1339 4672">
     <span class='ocr_line' id='line_1_27' title="bbox 281 4339 972 4444; baseline -0.009 -25"><span class='ocrx_word' id='word_1_101' title='bbox 281 4339 451 4430; x_wconf 83' lang='lat' dir='ltr'>Sacctrari</span> <span class='ocrx_word' id='word_1_102' title='bbox 471 4342 652 4444; x_wconf 74' lang='lat' dir='ltr'>pulcanti</span> <span class='ocrx_word' id='word_1_103' title='bbox 702 4349 843 4439; x_wconf 81' lang='lat' dir='ltr'>portem</span> <span class='ocrx_word' id='word_1_104' title='bbox 864 4367 972 4414; x_wconf 79' lang='lat' dir='ltr'>naam</span> 
     </span>
     <span class='ocr_line' id='line_1_28' title="bbox 143 4470 1339 4565; baseline -0.002 -20"><span class='ocrx_word' id='word_1_105' title='bbox 143 4476 181 4545; x_wconf 88' lang='lat' dir='ltr'>et</span> <span class='ocrx_word' id='word_1_106' title='bbox 219 4471 485 4563; x_wconf 87' lang='lat' dir='ltr'>evaporatione</span> <span class='ocrx_word' id='word_1_107' title='bbox 522 4470 685 4565; x_wconf 87' lang='lat' dir='ltr'>inspissa</span> <span class='ocrx_word' id='word_1_108' title='bbox 728 4470 775 4542; x_wconf 88' lang='lat' dir='ltr'>ad</span> <span class='ocrx_word' id='word_1_109' title='bbox 823 4470 1025 4561; x_wconf 83' lang='lat' dir='ltr'>legitimam</span> <span class='ocrx_word' id='word_1_110' title='bbox 1068 4470 1204 4562; x_wconf 88' lang='lat' dir='ltr'>pulpae</span> <span class='ocrx_word' id='word_1_111' title='bbox 1252 4491 1339 4543; x_wconf 88' lang='lat' dir='ltr'>con-</span> 
     </span>
     <span class='ocr_line' id='line_1_29' title="bbox 142 4599 366 4672; baseline -0.004 -1"><span class='ocrx_word' id='word_1_112' title='bbox 142 4599 366 4672; x_wconf 89' lang='lat' dir='ltr'>sistentiam.</span> 
     </span>
    </p>
   </div>
   <div class='ocr_carea' id='block_1_6' title="bbox 252 4725 1121 4919">
    <p class='ocr_par' dir='ltr' id='par_1_16' title="bbox 252 4725 1121 4919">
     <span class='ocr_line' id='line_1_30' title="bbox 252 4725 701 4801; baseline -0.009 0"><span class='ocrx_word' id='word_1_113' title='bbox 252 4725 492 4801; x_wconf 79' lang='lat' dir='ltr'>Electoorium</span> <span class='ocrx_word' id='word_1_114' title='bbox 512 4726 701 4801; x_wconf 66' lang='lat' dir='ltr'>tereticam.</span> 
     </span>
     <span class='ocr_line' id='line_1_31' title="bbox 1072 4864 1121 4919; baseline -0.02 0"><span class='ocrx_word' id='word_1_115' title='bbox 1072 4864 1121 4919; x_wconf 69' lang='lat'>14*</span> 
     </span>
    </p>
   </div>
   <div class='ocr_carea' id='block_1_7' title="bbox 0 0 1754 5450">
    <p class='ocr_par' dir='ltr' id='par_1_17' title="bbox 0 0 1754 5450">
     <span class='ocr_line' id='line_1_32' title="bbox 0 0 1754 5450; baseline 0 0"><span class='ocrx_word' id='word_1_116' title='bbox 0 0 1754 5450; x_wconf 95' lang='lat' dir='ltr'> </span> 
     </span>
    </p>
   </div>
  </div>
 </body>
</html>
