3500 5450
866 552 911 561 —
947 508 1023 583 rm
1055 550 1105 564 .-

787 722 938 831 lolia
964 723 1168 832 Thone.

491 945 582 1018 Theo
599 944 782 1019 Utinensis
798 947 931 1038 Linn,
940 949 1063 1022 frutex
1073 948 1112 1021 in
1121 947 1249 1021 Indiae
1260 947 1451 1021 orientalis
1460 970 1578 1039 regno

379 1072 517 1145 Assam
537 1073 748 1164 indigenum
770 1075 918 1165 ibidem,
939 1077 978 1148 iu
998 1075 1120 1149 China
1147 1096 1218 1149 nec
1246 1097 1323 1147 non
1351 1075 1391 1147 in
1409 1075 1579 1168 Japonia,

377 1198 480 1288 Java,
501 1200 657 1273 Brasilia
677 1201 834 1295 aliisque
853 1202 962 1275 terris
982 1203 1133 1295 tropicis
1152 1203 1284 1277 sedulo
1305 1202 1439 1275 cultus.
1472 1201 1578 1273 Tern-

378 1329 623 1401 strocmiuceuc.

485 1454 587 1529 Folia
615 1455 863 1529 diversimode
893 1459 1117 1547 praeparata
1147 1461 1182 1530 et
1210 1458 1360 1530 siccata.
1407 1456 1577 1527 Duorum

376 1583 587 1655 secundum
616 1585 790 1671 colorem,
820 1588 885 1656 aut
913 1582 1160 1674 nigricantem
1190 1590 1254 1656 aut
1288 1583 1577 1657 viridescentem

376 1711 577 1803 praecipue
607 1711 866 1784 distinctorum
896 1711 1029 1783 mercis
1050 1730 1238 1802 generum,
1260 1712 1296 1783 in
1318 1711 1477 1785 officinis
1499 1733 1577 1784 ser-

375 1841 482 1909 vetur
514 1838 657 1931 optima
689 1839 823 1932 prioris
851 1837 1026 1926 varietas,
1061 1838 1132 1910 sub
1162 1839 1313 1912 nomine
1342 1836 1577 1935 „Souct0n9“

374 1968 564 2056 prostans,
575 1966 664 2040 folia
675 1965 820 2058 majora
831 1970 868 2038 et
882 1965 1030 2038 minora
1045 1965 1196 2054 sistens,
1213 1966 1432 2058 plerumque
1448 1971 1576 2039 exacte

374 2093 575 2166 convoluta
607 2094 645 2166 in
673 2092 832 2166 frustula
859 2093 1150 2181 subfusilormia,
1180 2098 1334 2166 arcuata
1355 2098 1391 2166 et
1409 2097 1575 2180 curvata,

373 2218 528 2311 fragilia,
550 2221 683 2294 coloris
704 2243 723 2294 e
741 2221 846 2293 tusco
863 2221 1092 2312 nigricantis,
1113 2220 1239 2293 odoris
1254 2220 1454 2314 peculiaris
1470 2220 1575 2312 grati,

373 2348 519 2439 saporis
540 2348 791 2436 amariusculi,
812 2348 958 2421 modice
977 2349 1259 2441 adstringentis.

485 2475 597 2568 Aqua
615 2476 756 2549 fervida
772 2475 935 2547 emollita
951 2481 986 2547 et
1001 2476 1184 2568 explicata
1199 2477 1358 2549 frustula
1373 2475 1578 2549 ostendunt

377 2600 553 2674 foliorum
572 2603 780 2695 fragmenta
797 2602 980 2694 ampliora
995 2609 1060 2675 aut
1074 2603 1163 2675 tolia
1177 2604 1397 2695 subintegra
1412 2603 1575 2695 oblonga

374 2730 433 2803 vel
468 2728 870 2822 oblongo-lanceolata,
904 2731 943 2802 iu
976 2731 1156 2825 petiolum
1188 2733 1342 2805 brevem
1370 2736 1573 2819 attenuata,

375 2858 478 2951 apice
498 2858 636 2931 obtusa
655 2858 713 2930 vel
733 2857 976 2948 emarginata,
998 2858 1164 2949 margine
1193 2859 1572 2947 hamato-serrulata,

374 2985 545 3076 apicibus
566 2985 840 3059 denticulorum
861 2986 1121 3076 cartilagineis,
1143 2985 1355 3077 subglahra,
1384 2986 1469 3078 pilis
1489 3008 1571 3078 par·

374 3112 546 3200 cissimis,
581 3112 715 3204 longis,
751 3113 881 3199 acutiS,
913 3114 1158 3204 simplicibus,
1189 3112 1504 3201 unicellularibus,
1532 3113 1571 3185 in

372 3239 620 3332 mesophyllo,
655 3241 876 3333 praesertim
906 3241 954 3312 ad
983 3241 1181 3314 fasciculos
1215 3262 1393 3313 vasorum
1430 3240 1571 3313 cellulis

372 3366 479 3437 valde
509 3366 728 3441 incrassatis
754 3368 1142 3459 solerenchymatosis
1173 3367 1307 3440 mirum
1339 3367 1377 3441 in
1414 3369 1568 3442 modurn

371 3494 555 3567 formatis.

480 3622 578 3695 Cave
616 3644 663 3696 ne
701 3623 778 3696 sint
815 3623 1023 3697 adulterata
1051 3624 1148 3697 soliis
1177 3624 1314 3712 Theae,
1340 3622 1420 3716 jam
1458 3628 1569 3697 antea

370 3749 407 3822 in
418 3771 530 3821 usum
541 3751 975 3823 domesticumadhibitis
987 3772 1058 3823 nec
1069 3751 1166 3824 soliis
1178 3752 1566 3843 aliarumplantarum.

658 4090 809 4199 llolia
833 4089 1050 4199 'l'rilolii
1076 4091 1277 4200 fibrini.

476 4313 696 4410 Menpaotlws
715 4313 886 4407 trifolioto
906 4315 1036 4404 Linn,
1055 4316 1186 4407 planta
1199 4314 1373 4407 perennis
1387 4313 1565 4406 palustris

367 4442 552 4534 indigena.
579 4441 839 4514 Gentiauuceue.

473 4569 1565 4663 Foliaternata,longepetiolata,petiolovagiuante‚soliolis

365 4698 648 4786 subsessilibus,
665 4696 835 4770 ovalibus
851 4697 910 4770 vel
930 4697 1111 4786 obovatis,
1134 4699 1298 4791 quinque
1314 4698 1362 4769 ad
1378 4703 1462 4771 octo
1478 4719 1562 4770 cen-
