3500 5450
663 581 904 654 -165-

461 798 1086 909 lactucarum.

287 1072 442 1145 Luctum
479 1072 600 1145 virosa
637 1072 775 1161 Linn,
813 1072 943 1165 planta
979 1072 1155 1165 perennis
1193 1072 1380 1165 indigena,

178 1199 322 1291 passim
344 1200 455 1272 culta.
481 1196 708 1294 Compositae.

289 1327 429 1400 Succus
444 1328 587 1400 lacteus
603 1328 776 1416 siccatus,
787 1331 935 1423 prostat
944 1327 982 1399 in
993 1327 1122 1402 frustis
1140 1326 1381 1416 deformibus

180 1475 371 1526 summum
391 1454 497 1528 nuris
504 1453 697 1546 juglandis
715 1454 983 1546 magnitudine,
1002 1453 1200 1547 superficie
1217 1454 1382 1546 gibbosis

181 1586 217 1652 et
237 1580 390 1674 asperis,
421 1586 486 1654 aut
513 1581 551 1655 in
580 1581 785 1672 segmentis
814 1580 1023 1671 majoribus
1053 1580 1260 1675 sphaericis
1281 1602 1380 1653 com·

181 1708 313 1799 pactis,
336 1708 534 1801 superficie
548 1708 800 1797 laeviusculiS,
821 1713 931 1781 extus
953 1710 1094 1802 opacis
1107 1709 1243 1782 coloris
1256 1708 1380 1781 fusco·

179 1836 265 1907 tlavi
286 1841 352 1907 aut
371 1835 479 1924 fusci,
501 1836 619 1908 cultro
641 1856 748 1908 cerae
768 1837 890 1909 instar
909 1836 1138 1926 scindendiS,
1158 1835 1197 1908 in
1217 1836 1382 1909 sectione

182 1963 1380 2056 albidisautcinereiS,ceraeinstarnitentibus,pulveremlusco·

182 2090 323 2163 flavum
344 2089 623 2182 praebentibus,
644 2091 771 2163 odoris
800 2091 998 2184 peculiaris
1018 2090 1207 2179 narcotici,
1235 2091 1382 2183 saporis

177 2217 374 2310 peramari,
407 2217 479 2290 sub
508 2218 767 2292 masticatione
797 2219 972 2292 dentibus
1009 2217 1285 2311 aliquantulum
1314 2218 1379 2289 ad-

178 2345 435 2419 haerentibus

287 2472 526 2545 Lactuarium
546 2473 680 2546 dificile
700 2474 843 2546 conteri
866 2477 1000 2566 potest,
1025 2494 1148 2566 neque
1178 2494 1287 2565 aqua,
1312 2472 1383 2544 nisi

180 2599 308 2673 addito
348 2599 498 2674 Gummi
536 2600 705 2689 Acaciae,
744 2601 993 2674 emulsionem
1030 2600 1178 2672 fuscam
1215 2600 1381 2693 praebet.

177 2727 288 2821 Aqua
312 2732 459 2801 coctum
479 2728 660 2802 mollescit
689 2728 727 2800 in
755 2750 927 2802 massam
955 2734 1147 2814 tenacem;
1177 2729 1299 2822 liquor
1326 2729 1380 2799 fil-

177 2855 339 2928 tratione
369 2854 557 2945 obtentus
586 2855 777 2949 limpidus
808 2856 1037 2945 lascescens
1069 2855 1196 2928 addito
1214 2854 1305 2946 jodo
1333 2877 1382 2929 ne

178 2982 374 3056 coloretur.
409 2982 453 3054 lu
473 2983 608 3076 spiritu
627 2983 703 3055 vini
724 2988 760 3056 et
774 2982 926 3056 aethere
947 2982 1187 3056 solummodo
1208 3003 1254 3055 ex
1274 2987 1379 3073 parte

175 3109 331 3182 solvitur
338 3133 346 3199 ;
360 3110 500 3183 solutio
512 3110 715 3203 spirituosa
726 3111 823 3184 ferro
836 3111 1142 3201 sesquichlorato
1154 3114 1381 3182 nemutetur.

175 3236 218 3308 ln
237 3237 400 3309 cinerem
428 3237 625 3310 redactum
654 3238 796 3311 residui
824 3260 873 3310 ne
902 3238 988 3331 plus
1019 3259 1134 3331 quam
1164 3257 1210 3309 ex
1231 3240 1381 3308 centum

174 3364 346 3457 partibus
367 3365 496 3437 decem
516 3364 717 3458 relinquat.

613 3847 953 3958 Lanolinum.

284 4111 411 4183 Massa
439 4111 674 4202 unguinosa,
704 4110 798 4197 alba,
831 4110 959 4183 odoris
989 4111 1066 4182 fere
1097 4130 1248 4202 expers,
1275 4130 1377 4182 reac-

174 4237 287 4309 tionis
308 4237 487 4328 neutrius,
508 4237 644 4310 balneo
665 4257 788 4331 aquae
809 4237 982 4329 exposita
996 4236 1170 4329 liquescit
1189 4241 1226 4308 et
1246 4236 1284 4308 in
1304 4236 1379 4308 duo

174 4368 293 4436 strata
313 4385 502 4457 aquosum
523 4386 652 4454 uuum,
674 4364 874 4456 adiposum
895 4366 1053 4438 alterum
1074 4363 1296 4457 sejungitur.

282 4490 508 4563 Lanolinum
523 4513 622 4585 aqua
641 4491 789 4586 privum
804 4491 843 4564 in
863 4493 1028 4581 aethere,
1044 4491 1203 4566 benzolo
1219 4495 1256 4563 et
1274 4491 1376 4563 chlo·

173 4617 351 4691 roformio
370 4618 542 4711 perfecte,
563 4619 602 4692 in
626 4619 760 4713 spiritu
780 4620 855 4691 vini
876 4623 1116 4693 concontrato
1137 4618 1322 4692 difficilius
1343 4623 1379 4690 et

173 4745 324 4818 nonnisi
343 4767 389 4819 ex
409 4751 516 4838 parte
538 4745 706 4838 solvitur,
726 4748 765 4819 iu
784 4768 881 4840 aqua
904 4746 1104 4820 insolubile
1125 4752 1194 4820 est.
