3500 5450
640 543 858 617 „75-

261 758 503 833 Substantiae
522 780 591 853 pro
621 761 776 834 decocto
810 760 987 833 concisae
1006 760 1065 833 vel
1100 767 1280 834 contusae
1314 761 1354 834 in

151 908 242 960 vase
281 888 418 961 idoneo
453 910 539 961 cum
576 888 774 962 sufficienti
813 888 1020 980 quantitate
1059 909 1180 979 aquae
1223 908 1351 980 super-

151 1014 394 1089 infundantur
427 1020 463 1089 et
495 1036 563 1109 per
597 1016 826 1089 semihoram
860 1016 1047 1088 interdum
1080 1015 1256 1106 agitando
1294 1014 1352 1088 vel

155 1147 363 1234 coquantur
391 1143 449 1216 vel
477 1143 681 1236 vaporibus
710 1144 835 1217 balnei
864 1165 986 1236 aquae
1006 1130 1217 1215 ebullientis
1238 1165 1350 1236 expo-

151 1276 300 1344 nantur.
348 1270 548 1362 Liquidum
591 1270 716 1344 adhuc
762 1271 925 1344 calidum
972 1291 1057 1344 curn
1111 1272 1352 1363 expressione

151 1398 294 1471 coletur
314 1403 360 1486 et,
383 1397 416 1472 si
436 1418 532 1491 opus
552 1398 671 1489 suerit,
692 1398 860 1474 filtretur.

259 1543 501 1617 Substantiae
536 1549 745 1619 structurae
779 1550 997 1639 compactae
1036 1544 1075 1616 in
1112 1564 1249 1636 genere
1286 1565 1353 1636 per

151 1669 285 1743 horam
305 1677 526 1762 coquantur.

211 2157 497 2265 Boooctum
525 2156 931 2300 Sarcaparitlac
958 2156 1305 2298 compositum

616 2385 619 2391 =
647 2321 858 2438 fortius.

151 2526 252 2618 Rpe:
288 2521 433 2601 Bacticis
453 2520 721 2627 tamquarm
741 2523 909 2602 concisae

693 2659 894 2751 praeamata
913 2651 1038 2748 vipinti
1298 2650 1349 2722 it)

151 2779 277 2872 digere
297 2801 383 2854 cunr

289 2924 412 3027 Aqno
432 2924 642 3002 destinatae
698 2926 890 3023 sufficiente
909 2925 1103 3022 quantitate

150 3073 217 3144 per
238 3052 351 3126 horas
370 3054 501 3145 viginti
522 3061 693 3147 quatuor,
714 3052 888 3127 addendo

277 3196 449 3274 Saoobari
469 3197 651 3300 patranti

287 3324 462 3402 Munitis
482 3324 664 3426 petronii

696 3452 742 3526 (ἴα
760 3477 924 3550 prumano
944 3451 1054 3524 onorii
1329 3455 1344 3526 1

149 3599 238 3672 dein
257 3619 376 3691 coque
395 3620 462 3693 per
483 3599 629 3673 horam.

258 3745 335 3819 Sub
355 3745 471 3819 finem
491 3745 671 3819 coctionis
693 3744 789 3818 adde

285 3887 435 3968 Fructus
453 3889 550 3968 tunt
571 3889 729 3994 urgeris
748 3889 891 3968 contusi

285 4033 435 4112 Fructus
455 4034 640 4113 turbinati
660 4036 803 4114 contusi

691 4164 738 4239 (ἴα
758 4165 1030 4261 deciprammatu
1049 4170 1119 4236 octo
1283 4166 1347 4238 0·8

281 4306 463 4386 notrorum
484 4307 623 4387 Sama
644 4310 871 4388 concisam

688 4446 891 4536 9rcmmatu
910 4440 1064 4536 quiaque
1323 4439 1346 4510 5

284 4580 430 4660 {tudinis
451 4577 663 4685 biqutritiaa
684 4582 852 4660 concisae

687 4717 891 4806 prammata
907 4709 977 4782 duo
994 4718 1025 4782 et
1042 4710 1245 4783 dimidiam.
1285 4713 1346 4785 ib
