3500 5450
643 580 694 590 --
726 539 802 611 om
836 580 886 592 -

278 754 401 828 Radix
420 756 544 829 valida
561 755 778 845 fusiiormiS‚
804 757 944 829 siccata
970 760 1006 829 et
1027 757 1162 830 coitice
1189 758 1367 832 exteriore

167 885 274 956 lusco
314 883 500 976 deglupto,
529 883 640 956 nobis
679 884 837 958 advecta
876 906 896 956 e
929 884 1070 957 Russia
1097 884 1134 956 in
1164 885 1365 975 segmentis

166 1010 338 1083 diversae
357 1011 613 1103 longitudinis,
634 1011 709 1082 dno
730 1010 778 1082 ad
794 1017 955 1104 quatuor
973 1011 1190 1085 centimetra
1215 1012 1365 1098 crassis,

168 1138 371 1230 aequaliter
401 1138 512 1211 diluto
538 1139 656 1227 ssavis,
678 1138 716 1210 in
736 1138 900 1211 fractura
917 1138 1026 1211 valde
1053 1137 1214 1227 librosiS,
1240 1140 1278 1211 in
1305 1161 1365 1212 su·

163 1265 312 1357 perficie
344 1270 498 1338 externa
522 1266 962 1353 libroso-scabriuseulis,
995 1264 1033 1336 in
1054 1266 1219 1338 sectione
1244 1271 1364 1339 trans·

164 1413 275 1464 versa
294 1414 427 1484 grosse
446 1392 619 1465 radiatim
640 1392 790 1481 striatis,
819 1394 1040 1485 plerumque
1062 1393 1174 1465 etiam
1193 1394 1363 1466 radiatim

162 1518 274 1608 fissis,
296 1522 445 1612 saporis
463 1520 661 1613 perdulcis.

278 1645 443 1719 Gelotino
461 1645 679 1742 Istquntttae
692 1647 879 1743 pellucido.
900 1646 1023 1718 Pulvis
1042 1646 1261 1743 Liquiriliac
1274 1672 1361 1719 com·

158 1775 303 1870 positus.
324 1774 449 1848 Pulvis
465 1799 672 1873 pummosos.

526 2096 702 2206 Radix
728 2097 996 2207 ltnonidis

277 2357 411 2429 Orionis
439 2357 582 2453 spinoso
611 2358 743 2449 Linn.,
774 2358 955 2431 suffrutex
986 2360 1023 2431 in
1044 2360 1143 2432 arvis
1164 2363 1200 2432 et
1220 2359 1362 2451 campis

162 2484 308 2557 obvius.
330 2483 593 2579 Leguminosoe.
615 2483 895 2580 Popilionaceoe.

268 2611 390 2684 Radix
401 2611 607 2703 multiceps
619 2612 904 2704 subcylindrica,
914 2635 1076 2704 ramosa,
1088 2614 1234 2703 siccata,
1247 2636 1361 2706 quam

162 2740 364 2833 plurimum
382 2740 509 2812 decem
526 2739 574 2813 ad
589 2741 800 2832 quindecim
811 2741 1023 2814 millimetra
1037 2763 1174 2832 crassa,
1185 2764 1263 2815 non
1277 2765 1361 2815 raro

162 2889 393 2960 compresse,
405 2871 720 2956 calvataeltorla‚
742 2890 854 2961 saepe
870 2890 937 2960 per
947 2869 1219 2960 longitudinem
1229 2870 1360 2943 rimata

163 3000 200 3065 et
210 2995 248 3066 in
259 2994 373 3067 libras
397 2995 590 3082 dissoluta,
612 2995 768 3086 lignosa,
788 2997 1037 3094 tenacissima,
1067 3001 1175 3070 extus
1197 3019 1217 3068 e
1241 2999 1362 3089 griseo

160 3122 275 3212 fusca
305 3122 342 3193 in
375 3122 539 3194 sectione
568 3128 785 3195 transversa
805 3124 985 3197 exhibens
1016 3125 1190 3197 corticem
1211 3131 1362 3198 tenuem

160 3249 308 3322 luscum
329 3254 366 3320 et
393 3249 534 3340 lignum
564 3249 785 3340 subflavum,
814 3250 927 3323 radiis
958 3251 1225 3325 medullaribus
1256 3253 1362 3342 albis,

161 3377 289 3467 quoad
304 3376 533 3449 latitudinem
546 3377 706 3448 maxime
719 3377 983 3468 differentibus
996 3380 1184 3470 eleganter
1198 3380 1360 3452 flabella-

158 3503 227 3575 tim
252 3509 432 3576 notatum.
464 3504 618 3596 Saporis
640 3509 696 3575 est
713 3505 921 3594 suliacerbi,
942 3506 1112 3579 subaeris
1133 3527 1217 3578 cum
1238 3505 1362 3598 aliqua

158 3631 364 3704 dulcedine.

523 3952 698 4062 llodix
723 3953 994 4096 Pyretlni.

267 4194 465 4290 Attocyclos
495 4193 706 4290 Pyrethrom
741 4197 824 4286 nd,
858 4198 988 4289 planta
1017 4199 1354 4288 mediterraneam

149 4321 305 4411 *digena
323 4321 505 4413 imprimis
526 4329 737 4413 spontanea
757 4328 792 4394 et
814 4324 923 4396 culta.
950 4323 1183 4418 (locoposilcc.

264 4448 386 4520 Radix
404 4449 624 4540 plerumque
644 4451 802 4542 simplex
823 4451 972 4541 siccata,
1002 4451 1040 4523 in
1060 4453 1355 4525 liustisl'11sil01·-

156 4577 299 4666 mibuS‚
338 4576 624 4666 suboylindricis
672 4583 736 4650 aut
774 4578 907 4651 obtuse
947 4579 1150 4668 angulatis
1199 4602 1264 4652 sex
1309 4581 1356 4652 ad

101 4783 109 4791 ‚
156 4703 355 4775 duodecim
393 4702 611 4775 centimetra
642 4703 772 4795 longis
806 4727 923 4777 unum
961 4705 1009 4777 ad
1042 4705 1112 4777 tria
1141 4707 1357 4780 centimetra

1136 4846 1187 4898 15*
