3500 5450
853 546 1087 618 —14b-

600 762 900 876 Herba
920 762 1343 876 Lobeltcw.

481 983 623 1056 Lobeliu
633 984 761 1079 iuflutu
771 985 908 1078 Lino,
924 985 1051 1077 planta
1062 985 1237 1057 annuain
1248 985 1419 1057 America
1429 986 1569 1059 boreali

374 1116 585 1204 spontanea
605 1117 640 1184 et
660 1113 771 1186 culta.
793 1111 1026 1184 Lobelc'uceuc.

482 1237 608 1311 Herba
641 1239 773 1312 florida
806 1240 954 1326 siccata,
994 1239 1155 1313 discissa
1188 1239 1299 1312 nobis
1340 1240 1497 1313 advecta
1532 1241 1570 1313 in

374 1366 557 1457 placentis
577 1366 686 1438 valde
706 1367 932 1458 compressis
953 1368 1329 1459 quadrangularibus,
1358 1367 1489 1440 charta
1515 1367 1568 1439 in·

374 1493 520 1581 volutis,
541 1493 646 1565 caule
681 1492 1042 1586 sulcato-anguloso,
1077 1495 1174 1569 foliis
1208 1491 1371 1583 alternis
1402 1494 1571 1586 oblongis

375 1625 440 1693 aut
468 1620 598 1710 ovatis,
628 1620 823 1694 sessilibus
843 1622 902 1693 vel
922 1622 1082 1695 breviter
1100 1622 1298 1716 petiolatiS,
1327 1622 1572 1713 inaequaliter

375 1749 708 1836 crenato-serratiS,
743 1749 1043 1841 pubescentibus
1069 1750 1223 1822 floribus
1244 1750 1381 1842 parvis,
1407 1749 1444 1820 in
1469 1771 1569 1822 raco-

375 1898 480 1948 mum
511 1875 719 1948 secundum
746 1876 923 1949 foliosum
952 1878 1185 1950 terminalem
1215 1877 1416 1968 dispositis,
1437 1879 1574 1950 corolla

376 2003 598 2092 sublabiata,
634 2004 768 2095 pallide
802 2004 987 2093 caerulea,
1021 2005 1083 2077 vix
1112 2005 1279 2096 longiore
1306 2005 1432 2096 calyce
1460 2005 1573 2078 limbo

376 2131 718 2223 quinque-partito,
763 2132 950 2223 Capsulae
996 2132 1148 2205 inflatae
1196 2132 1387 2221 ovoideae,
1427 2133 1571 2204 decem-

375 2263 556 2359 costatae,
613 2259 752 2331 circiter
809 2261 973 2352 quinque
1026 2260 1235 2333 millimetra
1285 2261 1324 2331 in
1381 2259 1573 2348 diametro,

375 2385 614 2474 biloculatae,
658 2387 933 2478 polyspermae,
969 2387 1177 2480 wpericarpio
1218 2386 1426 2475 chartaceo,
1466 2392 1573 2460 extus

375 2514 740 2602 flavo-fuscescente‚
760 2514 998 2587 inveniuntur
1026 2514 1223 2587 commode
1243 2515 1281 2586 in
1308 2535 1441 2595 merce,
1468 2515 1574 2601 cujus

379 2661 495 2734 sapor
514 2644 573 2712 est
590 2641 692 2715 initio
713 2642 855 2731 debilis,
877 2643 1029 2715 demum
1049 2642 1226 2735 perceris,

489 2786 669 2860 tinctura.

757 3218 939 3328 llorba
962 3221 1203 3330 Meliloti.

487 3424 660 3516 Melibtus
678 3444 864 3541 ‹ffstcinalis
892 3445 1244 3536 Desrousseaux,
1271 3446 1402 3539 planta
1421 3446 1574 3535 biennis

377 3572 415 3644 in
434 3572 551 3664 pratis
572 3577 609 3644 et
627 3573 777 3665 pascuis
796 3573 983 3665 frequens
1010 3572 1273 3670 Leguminosue.
1295 3573 1572 3669 Papilionoceoe.

486 3700 612 3772 Herba
639 3699 771 3772 florida
798 3700 938 3774 siccata
963 3700 1060 3773 foliis
1079 3702 1244 3789 ternatis,
1274 3701 1440 3790 alternis
1465 3702 1572 3793 longe

378 3827 573 3917 petiolatis,
590 3827 725 3901 foliolis
747 3829 821 3901 duo
841 3829 890 3901 ad
910 3834 1071 3921 quatuor
1089 3828 1307 3902 centimetra
1330 3829 1465 3921 longis,
1485 3830 1571 3901 obo-

377 3955 486 4042 vatis,
532 3954 705 4045 oblongis
759 3960 822 4027 aut
864 3955 1273 4048 oblongo-lanceolatis,
1322 3956 1467 4029 obtusis
1511 3961 1572 4028 aut

378 4082 569 4170 truncatio,
607 4085 847 4172 mucronatis,
882 4088 1012 4174 argute
1052 4082 1214 4170 serratis,
1255 4083 1402 4175 stipulis
1440 4083 1572 4177 parvis

377 4209 799 4299 lanceolatosubulatis,
828 4212 982 4283 floribus
1016 4210 1153 4303 parvis,
1183 4211 1301 4298 flavis,
1335 4211 1373 4282 in
1407 4232 1573 4283 racemos

378 4337 563 4425 axillares,
602 4337 735 4427 nudos,
770 4337 977 4431 elongatos
1015 4339 1203 4411 secundos
1243 4338 1443 4429 dispositis.
1487 4338 1573 4409 illac

379 4464 540 4537 corollae
551 4464 780 4556 longitudine
792 4467 932 4539 circiter
943 4471 1150 4559 aequantes
1160 4466 1346 4555 vexillum,
1356 4471 1573 4557 superantes

379 4594 554 4681 carinam,
586 4592 726 4666 fructus
751 4595 860 4682 ovati,
894 4595 1112 4683 mucronati,
1141 4615 1271 4665 mono·
1302 4593 1360 4664 vel
1390 4592 1573 4685 dispenni,
1671 4598 1673 4602 ’

379 4726 594 4794 transverse
609 4721 747 4812 rugosi,
763 4721 890 4814 glabri,
907 4720 1040 4794 coloris
1053 4720 1243 4794 straminei
1254 4719 1313 4792 vel
1325 4718 1573 4792 luscescentis.
