3500 5450
629 564 839 643 ÷33-

245 780 347 858 lloldl
392 779 668 882 hydrooblorlol
715 780 866 879 venalis,
917 790 1028 859 antea
1073 787 1182 860 tertia
1227 793 1334 881 parte

137 933 258 1005 aquae
278 910 392 998 diluti,
426 911 673 1003 quantitatem
691 911 949 1003 sufficientem,
988 918 1031 987 ut
1060 914 1108 987 ad
1143 915 1335 988 dimidium

138 1039 281 1112 circiter
300 1037 492 1111 cucurbita
510 1038 708 1131 repleatur.

247 1165 488 1238 Cucurbitam
503 1164 620 1257 junge
642 1187 728 1238 curn
749 1166 920 1260 excipulo
940 1168 1140 1257 Wultian0,
1161 1169 1220 1241 cui
1239 1169 1336 1241 inest

138 1316 259 1387 aquae
280 1292 472 1385 quantitas
497 1292 689 1365 sufficiens
711 1295 757 1366 ad
777 1294 956 1367 lotionem
981 1295 1083 1386 gasts
1103 1295 1281 1369 extricati.

246 1475 426 1566 Excipulo
442 1473 583 1566 adapta
597 1475 731 1547 tubum
746 1476 907 1549 vitreum
922 1477 980 1550 bis
997 1482 1205 1566 curvatum,
1227 1477 1335 1569 cujus

140 1603 287 1695 longior
312 1601 530 1675 extremitas
549 1602 626 1675 fere
651 1607 783 1694 tangat
801 1604 962 1677 fundum
980 1604 1147 1697 lagenae,
1170 1626 1267 1697 quae
1288 1605 1336 1677 ad

137 1730 333 1803 dimidium
354 1750 454 1821 aqua
475 1728 664 1802 destillata
684 1730 732 1802 sit
749 1731 904 1823 repleta.

245 1894 337 1966 Leni
367 1894 491 1966 calore
520 1895 587 1966 fiat
611 1894 803 1967 extricatio
828 1895 941 1985 gasis.
962 1895 1164 1987 Lagenam‚
1201 1895 1337 1987 quodsi

137 2021 265 2094 chloro
280 2021 422 2114 repleta
441 2022 562 2110 luerit,
583 2027 774 2094 commuta
789 2043 875 2093 oum
892 2023 1019 2116 altera,
1041 2023 1200 2095 eandem
1220 2044 1336 2115 quan·

137 2149 280 2222 titatenr
316 2170 437 2240 aquae
476 2149 682 2222 destillatae
722 2149 944 2222 continente.
1000 2151 1153 2242 Lagena
1193 2154 1337 2223 remota

137 2277 333 2350 claudatur
371 2281 406 2349 et
426 2299 493 2368 gas
513 2298 599 2349 cum
629 2297 729 2367 aqua
764 2281 1050 2370 conquassetur,
1090 2278 1175 2352 dein
1212 2279 1337 2351 denuo

138 2403 309 2477 chlorum
336 2404 374 2475 in
403 2403 576 2495 lagenam
607 2403 818 2476 inducatur.
852 2403 960 2477 Hanc
990 2406 1125 2496 agendi
1154 2406 1338 2478 rationem

141 2530 361 2604 etiamnum
383 2532 500 2604 altera
526 2533 663 2623 lagena
689 2553 891 2625 exsequere
912 2537 948 2603 et
967 2538 1103 2624 repete,
1130 2533 1249 2605 donec
1270 2555 1337 2624 gas

135 2680 212 2731 non
233 2659 393 2753 amplius
414 2659 672 2733 absorbeatur.

245 2823 300 2896 Sit
332 2824 495 2915 limpida,
530 2845 550 2897 e
584 2824 756 2896 subflavo
777 2824 915 2914 viridis,
950 2824 1076 2897 odoris
1106 2825 1338 2912 suffocantis

137 2951 286 3025 colores
307 2950 535 3044 vegetabiles
558 2953 630 3024 cito
652 2952 831 3025 destruat.

247 3098 423 3172 Servetur
442 3099 479 3171 in
498 3099 642 3190 lagonis
663 3098 800 3192 parvis,
821 3098 973 3192 penitus
992 3097 1157 3190 repletis
1200 3097 1336 3191 episto·

135 3227 229 3301 meis
249 3226 376 3300 vitreis
397 3226 546 3315 clausis,
567 3248 589 3298 a
608 3226 692 3299 luce
711 3226 867 3298 remotis
887 3226 925 3297 in
944 3226 1028 3297 loco
1048 3223 1193 3316 frigido

344 3728 498 3870 Aqua
524 3728 853 3838 cinnamomi
883 3727 1127 3872 simplex,

139 3991 235 4084 Ilpa:
275 3987 425 4065 dortlola
445 3986 663 4064 dinnamoni
684 3987 825 4066 contusi

572 4178 771 4266 qrurnmutu
790 4170 936 4244 ducenta
1259 4171 1337 4244 000

276 4299 400 4400 liquo
573 4306 805 4395 qrammutum
828 4306 979 4394 quatuor
998 4299 1121 4370 millio.
1233 4298 1340 4370 4000

254 4428 406 4500 Macera
425 4449 492 4520 per
513 4427 712 4500 duodecim
732 4426 859 4515 boras
880 4428 1016 4501 deinde
1036 4426 1216 4498 abstrahe

573 4561 806 4652 qrammatum
827 4555 898 4628 duo
917 4555 1043 4629 millia.
1232 4553 1341 4625 0000

255 4737 417 4810 Tincturu
443 4737 573 4810 Chione
590 4738 785 4832 compositu.

196 4894 390 4947 Panmncopoea.
