3500 5450
872 524 1116 594 -154-

899 734 1099 842 infusa..

507 957 646 1045 infusa
682 979 841 1050 qnorum
876 960 1066 1052 quant‘tas
1098 959 1333 1031 substantiae
1365 959 1600 1032 adhibendae

399 1108 422 1157 a
455 1084 599 1156 medico
632 1085 863 1178 praescripta
895 1107 973 1158 nnn
1006 1092 1073 1175 est,
1107 1087 1146 1158 in
1180 1108 1316 1176 genere
1346 1093 1525 1179 parentur
1554 1110 1599 1161 ex

397 1218 502 1310 parte
530 1234 607 1285 una
630 1213 887 1287 medicaminis
917 1214 966 1286 ad
994 1219 1120 1306 partes
1152 1213 1283 1285 decem
1313 1214 1503 1287 celaturae
1524 1215 1600 1287 eft'r·

404 1340 568 1412 ciendae.

508 1468 683 1540 Attamen
728 1468 920 1559 quantitas
958 1468 1258 1554 medicaminum,
1298 1488 1459 1561 quorum
1498 1469 1598 1542 dosis

401 1594 563 1667 maxima
583 1593 734 1666 definita
754 1599 822 1682 est,
844 1616 993 1687 semper
1014 1618 1037 1667 a
1057 1595 1200 1667 medico
1220 1595 1504 1687 praescribatur.
1541 1596 1598 1667 Ad

398 1723 609 1815 parandum
645 1722 817 1795 Infusum
851 1722 1063 1795 substantia
1094 1722 1245 1796 concisa
1271 1722 1349 1794 sive
1379 1727 1536 1795 contusa
1560 1725 1597 1795 in

400 1872 489 1923 vase
518 1856 605 1943 apto
633 1871 734 1944 aqua
762 1850 905 1924 fervida
932 1851 1160 1939 infundatur,
1192 1850 1278 1922 dein
1306 1849 1496 1922 interdum
1525 1851 1597 1940 agi-

398 1979 513 2050 tando
533 1978 591 2050 vel
611 2001 678 2071 per
707 1978 871 2071 quinque
906 1980 1050 2051 minuta
1083 1978 1286 2072 vaporibus
1319 1976 1444 2049 balnei
1479 1998 1597 2069 aquae

399 2107 555 2190 calefiat,
579 2107 636 2178 vel
656 2129 724 2199 per
744 2107 992 2199 quadrantem
1015 2107 1129 2179 horae
1151 2111 1357 2199 seponatur
1378 2128 1469 2177 vase
1492 2111 1597 2187 tecta,

398 2235 599 2326 Liquorem
619 2235 880 2326 refrigeratum
901 2235 983 2306 cola
1004 2240 1040 2306 et
1059 2235 1091 2306 si
1111 2254 1207 2326 opus
1229 2239 1285 2305 est
1306 2233 1416 2304 filtra.

569 2556 808 2664 infusum
836 2555 1051 2665 Sennac
1079 2590 1197 2664 cum
1223 2555 1444 2663 Manna.

784 2787 969 2866 Infusum
991 2786 1221 2865 laxativum.

402 2981 504 3075 Rpe:
539 2980 719 3059 felicum
741 2979 880 3059 Scenae
899 2977 1165 3058 Alexandrinae
1237 2987 1438 3076 pammatii

1145 3109 1268 3205 cipirrti
1288 3109 1441 3204 quinque
1552 3110 1599 3180 95

538 3238 658 3338 Aquae
677 3236 889 3315 destitutae
910 3234 1073 3314 fervidae
1127 3243 1328 3333 praemiata
1343 3235 1491 3308 ducenta
1523 3237 1598 3309 ⁶200

404 3368 554 3440 infunde
574 3391 640 3461 per
660 3367 910 3461 quadrantem
929 3365 1057 3438 horae.

513 3494 555 3566 In
575 3497 744 3569 colatura
763 3516 945 3588 expressa
964 3495 1069 3566 solve

541 3621 685 3699 finum
739 3627 941 3717 pranrmata
962 3620 1112 3716 tripinta
1132 3620 1286 3716 quinque
1553 3622 1600 3689 35

514 3750 723 3823 Clarificata
742 3754 779 3823 et
796 3750 933 3821 filtrata
954 3748 1204 3840 dispensetur.

514 3878 706 3976 deromcf
723 3877 912 3971 infantum.

687 4200 1331 4341 Joanrnrmnrm.

513 4426 639 4500 Pulvis
650 4425 1016 4516 micrncrystalfinus⁷
1032 4428 1133 4497 tactu
1149 4422 1310 4517 pinguia,
1326 4420 1461 4493 coloris
1479 4419 1600 4507 citrini,

408 4555 534 4627 odoris
555 4554 686 4642 crocei,
708 4553 853 4646 saporis
873 4553 1007 4647 ingrati
1034 4553 1167 4644 jodum
1200 4550 1398 4623 monentis.
1432 4546 1476 4621 In
1510 4569 1601 4639 aqua

407 4684 483 4756 fere
504 4683 725 4771 insolubilis
745 4683 783 4754 in
803 4683 935 4779 spiritu
964 4680 1050 4767 viui,
1077 4679 1221 4752 facilius
1247 4678 1370 4751 adhuc
1391 4677 1428 4749 in
1457 4675 1601 4750 aethere
