<?xml version="1.0" encoding="UTF-8"?>
<!DOCTYPE html PUBLIC "-//W3C//DTD XHTML 1.0 Transitional//EN"
    "http://www.w3.org/TR/xhtml1/DTD/xhtml1-transitional.dtd">
<html xmlns="http://www.w3.org/1999/xhtml" xml:lang="en" lang="en">
 <head>
  <title>
</title>
<meta http-equiv="Content-Type" content="text/html;charset=utf-8" />
  <meta name='ocr-system' content='tesseract 3.04.00' />
  <meta name='ocr-capabilities' content='ocr_page ocr_carea ocr_par ocr_line ocrx_word'/>
</head>
<body>
  <div class='ocr_page' id='page_1' title='image "./pharmacopoeaaus02unkngoog_0283.png"; bbox 0 0 3500 5450; ppageno 0'>
   <div class='ocr_carea' id='block_1_1' title="bbox 652 547 896 618">
    <p class='ocr_par' dir='ltr' id='par_1_1' title="bbox 652 547 896 618">
     <span class='ocr_line' id='line_1_1' title="bbox 652 547 896 618; baseline 0.004 -1"><span class='ocrx_word' id='word_1_1' title='bbox 652 547 896 618; x_wconf 77' lang='lat' dir='ltr'><strong>-u53—</strong></span> 
     </span>
    </p>
   </div>
   <div class='ocr_carea' id='block_1_2' title="bbox 549 791 987 935">
    <p class='ocr_par' dir='ltr' id='par_1_2' title="bbox 549 791 987 935">
     <span class='ocr_line' id='line_1_2' title="bbox 549 791 987 935; baseline 0 -35"><span class='ocrx_word' id='word_1_2' title='bbox 549 792 783 935; x_wconf 81' lang='lat' dir='ltr'><strong>Spiritus</strong></span> <span class='ocrx_word' id='word_1_3' title='bbox 810 791 987 901; x_wconf 77' lang='lat' dir='ltr'><strong>dervi.</strong></span> 
     </span>
    </p>
   </div>
   <div class='ocr_carea' id='block_1_3' title="bbox 251 1015 1293 1108">
    <p class='ocr_par' dir='ltr' id='par_1_3' title="bbox 251 1015 1293 1108">
     <span class='ocr_line' id='line_1_3' title="bbox 251 1015 1293 1108; baseline -0.001 -20"><span class='ocrx_word' id='word_1_4' title='bbox 251 1016 279 1088; x_wconf 89' lang='grc' dir='ltr'>Ε</span> <span class='ocrx_word' id='word_1_5' title='bbox 301 1016 439 1089; x_wconf 71' lang='lat' dir='ltr'><strong>Fiuctu</strong></span> <span class='ocrx_word' id='word_1_6' title='bbox 460 1017 568 1090; x_wconf 78' lang='lat' dir='ltr'><strong>Cervi</strong></span> <span class='ocrx_word' id='word_1_7' title='bbox 589 1024 748 1090; x_wconf 82' lang='lat' dir='ltr'><strong>contuso</strong></span> <span class='ocrx_word' id='word_1_8' title='bbox 767 1022 918 1108; x_wconf 83' lang='lat' dir='ltr'><strong>paretur</strong></span> <span class='ocrx_word' id='word_1_9' title='bbox 937 1022 977 1089; x_wconf 88' lang='lat' dir='ltr'><strong>ut</strong></span> <span class='ocrx_word' id='word_1_10' title='bbox 998 1015 1157 1108; x_wconf 80' lang='lat' dir='ltr'>Spiritus</span> <span class='ocrx_word' id='word_1_11' title='bbox 1176 1016 1293 1088; x_wconf 84' lang='lat' dir='ltr'><strong>Auisi</strong></span> 
     </span>
    </p>
   </div>
   <div class='ocr_carea' id='block_1_4' title="bbox 167 1428 1366 1571">
    <p class='ocr_par' dir='ltr' id='par_1_4' title="bbox 167 1428 1366 1571">
     <span class='ocr_line' id='line_1_4' title="bbox 167 1428 1366 1571; baseline -0.003 -33"><span class='ocrx_word' id='word_1_12' title='bbox 167 1430 400 1571; x_wconf 77' lang='lat' dir='ltr'><strong>Spiritus</strong></span> <span class='ocrx_word' id='word_1_13' title='bbox 427 1430 580 1539; x_wconf 73' lang='lat' dir='ltr'><strong>Ferri</strong></span> <span class='ocrx_word' id='word_1_14' title='bbox 608 1430 1026 1571; x_wconf 86' lang='lat' dir='ltr'><strong>sesquioirloroti</strong></span> <span class='ocrx_word' id='word_1_15' title='bbox 1058 1428 1366 1538; x_wconf 83' lang='lat' dir='ltr'><strong>aethereus.</strong></span> 
     </span>
    </p>
   </div>
   <div class='ocr_carea' id='block_1_5' title="bbox 147 1650 1368 2768">
    <p class='ocr_par' dir='ltr' id='par_1_5' title="bbox 147 1650 1368 2768">
     <span class='ocr_line' id='line_1_5' title="bbox 167 1650 959 1755; baseline 0.004 -31"><span class='ocrx_word' id='word_1_16' title='bbox 167 1653 268 1746; x_wconf 85' lang='lat' dir='ltr'><strong>Rpe:</strong></span> <span class='ocrx_word' id='word_1_17' title='bbox 302 1650 404 1728; x_wconf 77' lang='lat' dir='ltr'><strong>Ferri</strong></span> <span class='ocrx_word' id='word_1_18' title='bbox 423 1650 704 1755; x_wconf 75' lang='lat' dir='ltr'><strong>sesquioiiorrti</strong></span> <span class='ocrx_word' id='word_1_19' title='bbox 725 1651 959 1752; x_wconf 71' lang='lat' dir='ltr'><strong>orpstaiiisnti</strong></span> 
     </span>
     <span class='ocr_line' id='line_1_6' title="bbox 845 1781 1366 1879; baseline -0.002 -25"><span class='ocrx_word' id='word_1_20' title='bbox 845 1788 1049 1879; x_wconf 77' lang='lat' dir='ltr'><strong>praumato</strong></span> <span class='ocrx_word' id='word_1_21' title='bbox 1064 1781 1258 1877; x_wconf 71' lang='lat' dir='ltr'><strong>quzudeam</strong></span> <span class='ocrx_word' id='word_1_22' title='bbox 1321 1783 1366 1853; x_wconf 81' lang='lat'><strong>15</strong></span> 
     </span>
     <span class='ocr_line' id='line_1_7' title="bbox 304 1905 1367 2010; baseline -0.005 -24"><span class='ocrx_word' id='word_1_23' title='bbox 304 1905 461 2010; x_wconf 78' lang='lat' dir='ltr'><strong>Spiritus</strong></span> <span class='ocrx_word' id='word_1_24' title='bbox 476 1906 641 1986; x_wconf 77' lang='lat' dir='ltr'><strong>Aetheris</strong></span> <span class='ocrx_word' id='word_1_25' title='bbox 676 1917 879 2007; x_wconf 64' lang='lat' dir='ltr'><strong>praeamata</strong></span> <span class='ocrx_word' id='word_1_26' title='bbox 894 1909 1258 2005; x_wconf 80' lang='lat' dir='ltr'><strong>centumetoetopiuta.</strong></span> <span class='ocrx_word' id='word_1_27' title='bbox 1292 1909 1367 1982; x_wconf 83' lang='lat'><strong>180</strong></span> 
     </span>
     <span class='ocr_line' id='line_1_8' title="bbox 275 2036 1368 2131; baseline 0 -23"><span class='ocrx_word' id='word_1_28' title='bbox 275 2036 389 2109; x_wconf 83' lang='lat' dir='ltr'><strong>Misce</strong></span> <span class='ocrx_word' id='word_1_29' title='bbox 416 2038 708 2129; x_wconf 81' lang='lat' dir='ltr'><strong>conquassaudo</strong></span> <span class='ocrx_word' id='word_1_30' title='bbox 740 2039 778 2111; x_wconf 89' lang='lat' dir='ltr'><strong>in</strong></span> <span class='ocrx_word' id='word_1_31' title='bbox 811 2040 946 2131; x_wconf 82' lang='lat' dir='ltr'><strong>lagena</strong></span> <span class='ocrx_word' id='word_1_32' title='bbox 973 2038 1089 2111; x_wconf 83' lang='lat' dir='ltr'><strong>vitrea</strong></span> <span class='ocrx_word' id='word_1_33' title='bbox 1114 2036 1209 2110; x_wconf 89' lang='lat' dir='ltr'><strong>bene</strong></span> <span class='ocrx_word' id='word_1_34' title='bbox 1238 2036 1368 2108; x_wconf 81' lang='lat' dir='ltr'><strong>clausa</strong></span> 
     </span>
     <span class='ocr_line' id='line_1_9' title="bbox 167 2163 1367 2268; baseline -0.003 -30"><span class='ocrx_word' id='word_1_35' title='bbox 167 2170 208 2268; x_wconf 82' lang='lat' dir='ltr'><strong>et</strong></span> <span class='ocrx_word' id='word_1_36' title='bbox 232 2164 324 2238; x_wconf 84' lang='lat' dir='ltr'><strong>solis</strong></span> <span class='ocrx_word' id='word_1_37' title='bbox 353 2163 468 2237; x_wconf 83' lang='lat' dir='ltr'><strong>radiis</strong></span> <span class='ocrx_word' id='word_1_38' title='bbox 499 2186 654 2257; x_wconf 84' lang='lat' dir='ltr'>expone,</span> <span class='ocrx_word' id='word_1_39' title='bbox 681 2188 802 2258; x_wconf 87' lang='lat' dir='ltr'><strong>usque</strong></span> <span class='ocrx_word' id='word_1_40' title='bbox 829 2166 920 2239; x_wconf 90' lang='lat' dir='ltr'><strong>dum</strong></span> <span class='ocrx_word' id='word_1_41' title='bbox 941 2165 1090 2238; x_wconf 82' lang='lat' dir='ltr'><strong>decolor</strong></span> <span class='ocrx_word' id='word_1_42' title='bbox 1109 2165 1251 2252; x_wconf 81' lang='lat' dir='ltr'><strong>evadet,</strong></span> <span class='ocrx_word' id='word_1_43' title='bbox 1282 2164 1367 2237; x_wconf 87' lang='lat' dir='ltr'><strong>dein</strong></span> 
     </span>
     <span class='ocr_line' id='line_1_10' title="bbox 166 2292 1366 2386; baseline -0.002 -22"><span class='ocrx_word' id='word_1_44' title='bbox 166 2292 350 2384; x_wconf 84' lang='lat' dir='ltr'><strong>liquorem</strong></span> <span class='ocrx_word' id='word_1_45' title='bbox 383 2314 406 2364; x_wconf 85' lang='lat' dir='ltr'><strong>a</strong></span> <span class='ocrx_word' id='word_1_46' title='bbox 439 2294 648 2366; x_wconf 75' lang='lat' dir='ltr'><strong>sedimento</strong></span> <span class='ocrx_word' id='word_1_47' title='bbox 682 2316 815 2386; x_wconf 77' lang='lat' dir='ltr'><strong>separa</strong></span> <span class='ocrx_word' id='word_1_48' title='bbox 848 2299 885 2367; x_wconf 87' lang='lat' dir='ltr'><strong>et</strong></span> <span class='ocrx_word' id='word_1_49' title='bbox 918 2293 1114 2386; x_wconf 89' lang='lat' dir='ltr'><strong>limpidum</strong></span> <span class='ocrx_word' id='word_1_50' title='bbox 1147 2293 1186 2364; x_wconf 90' lang='lat' dir='ltr'><strong>iu</strong></span> <span class='ocrx_word' id='word_1_51' title='bbox 1224 2292 1366 2382; x_wconf 81' lang='lat' dir='ltr'><strong>lagena,</strong></span> 
     </span>
     <span class='ocr_line' id='line_1_11' title="bbox 166 2419 1366 2513; baseline -0.002 -20"><span class='ocrx_word' id='word_1_52' title='bbox 166 2421 373 2513; x_wconf 86' lang='lat' dir='ltr'><strong>epistomeo</strong></span> <span class='ocrx_word' id='word_1_53' title='bbox 394 2420 511 2493; x_wconf 83' lang='lat' dir='ltr'><strong>vitreo</strong></span> <span class='ocrx_word' id='word_1_54' title='bbox 532 2420 705 2493; x_wconf 79' lang='lat' dir='ltr'><strong>obturata</strong></span> <span class='ocrx_word' id='word_1_55' title='bbox 724 2423 801 2491; x_wconf 85' lang='lat' dir='ltr'><strong>tam</strong></span> <span class='ocrx_word' id='word_1_56' title='bbox 821 2419 884 2492; x_wconf 91' lang='lat' dir='ltr'><strong>diu</strong></span> <span class='ocrx_word' id='word_1_57' title='bbox 899 2439 1049 2511; x_wconf 84' lang='lat' dir='ltr'><strong>sepone,</strong></span> <span class='ocrx_word' id='word_1_58' title='bbox 1069 2420 1188 2492; x_wconf 82' lang='lat' dir='ltr'><strong>donee</strong></span> <span class='ocrx_word' id='word_1_59' title='bbox 1204 2419 1366 2492; x_wconf 86' lang='lat' dir='ltr'><strong>colorem</strong></span> 
     </span>
     <span class='ocr_line' id='line_1_12' title="bbox 147 2536 516 2639; baseline 0 -20"><span class='ocrx_word' id='word_1_60' title='bbox 147 2536 304 2621; x_wconf 45' lang='lat' dir='ltr'><strong>‘ssavum</strong></span> <span class='ocrx_word' id='word_1_61' title='bbox 323 2546 516 2639; x_wconf 85' lang='lat' dir='ltr'><strong>acceperit.</strong></span> 
     </span>
     <span class='ocr_line' id='line_1_13' title="bbox 277 2673 827 2768; baseline -0.002 -20"><span class='ocrx_word' id='word_1_62' title='bbox 277 2676 332 2748; x_wconf 87' lang='lat' dir='ltr'><strong>Sit</strong></span> <span class='ocrx_word' id='word_1_63' title='bbox 352 2674 497 2768; x_wconf 75' lang='lat' dir='ltr'><strong>saporis</strong></span> <span class='ocrx_word' id='word_1_64' title='bbox 519 2673 667 2767; x_wconf 82' lang='lat' dir='ltr'><strong>styptiei</strong></span> <span class='ocrx_word' id='word_1_65' title='bbox 688 2674 827 2747; x_wconf 79' lang='lat' dir='ltr'><strong>terrosi.</strong></span> 
     </span>
    </p>
   </div>
   <div class='ocr_carea' id='block_1_6' title="bbox 502 3088 1029 3233">
    <p class='ocr_par' dir='ltr' id='par_1_6' title="bbox 502 3088 1029 3233">
     <span class='ocr_line' id='line_1_14' title="bbox 502 3088 1029 3233; baseline 0.004 -37"><span class='ocrx_word' id='word_1_66' title='bbox 502 3088 735 3233; x_wconf 85' lang='lat' dir='ltr'><strong>Spiritus</strong></span> <span class='ocrx_word' id='word_1_67' title='bbox 761 3088 1029 3231; x_wconf 80' lang='lat' dir='ltr'><strong>Juuiperi.</strong></span> 
     </span>
    </p>
   </div>
   <div class='ocr_carea' id='block_1_7' title="bbox 167 3299 1366 3670">
    <p class='ocr_par' dir='ltr' id='par_1_7' title="bbox 167 3299 1366 3670">
     <span class='ocr_line' id='line_1_15' title="bbox 167 3299 1211 3412; baseline 0 -27"><span class='ocrx_word' id='word_1_68' title='bbox 167 3314 269 3407; x_wconf 87' lang='lat' dir='ltr'><strong>Rpe:</strong></span> <span class='ocrx_word' id='word_1_69' title='bbox 304 3312 453 3389; x_wconf 71' lang='lat' dir='ltr'><strong>urruns</strong></span> <span class='ocrx_word' id='word_1_70' title='bbox 472 3299 639 3412; x_wconf 74' lang='lat' dir='ltr'><strong>iuniperi</strong></span> <span class='ocrx_word' id='word_1_71' title='bbox 660 3312 803 3388; x_wconf 79' lang='lat' dir='ltr'><strong>tortusi</strong></span> <span class='ocrx_word' id='word_1_72' title='bbox 856 3320 1060 3407; x_wconf 70' lang='lat' dir='ltr'><strong>prarumata</strong></span> <span class='ocrx_word' id='word_1_73' title='bbox 1079 3320 1211 3385; x_wconf 69' lang='lat' dir='ltr'><strong>‹tentum</strong></span> 
     </span>
     <span class='ocr_line' id='line_1_16' title="bbox 919 3442 1366 3537; baseline 0.004 -25"><span class='ocrx_word' id='word_1_74' title='bbox 919 3448 950 3512; x_wconf 82' lang='lat' dir='ltr'><strong>et</strong></span> <span class='ocrx_word' id='word_1_75' title='bbox 970 3442 1230 3537; x_wconf 70' lang='lat' dir='ltr'><strong>quinquaqinta</strong></span> <span class='ocrx_word' id='word_1_76' title='bbox 1290 3443 1366 3516; x_wconf 84' lang='lat'><strong>150</strong></span> 
     </span>
     <span class='ocr_line' id='line_1_17' title="bbox 303 3566 1366 3670; baseline -0.004 -24"><span class='ocrx_word' id='word_1_77' title='bbox 303 3566 462 3670; x_wconf 78' lang='lat' dir='ltr'><strong>Spiritus</strong></span> <span class='ocrx_word' id='word_1_78' title='bbox 478 3566 555 3644; x_wconf 73' lang='lat' dir='ltr'><strong>Vini</strong></span> <span class='ocrx_word' id='word_1_79' title='bbox 570 3568 796 3646; x_wconf 74' lang='lat' dir='ltr'><strong>uoluentruti</strong></span> <span class='ocrx_word' id='word_1_80' title='bbox 850 3576 1054 3665; x_wconf 81' lang='lat' dir='ltr'><strong>praauuata</strong></span> <span class='ocrx_word' id='word_1_81' title='bbox 1070 3570 1259 3665; x_wconf 74' lang='lat' dir='ltr'><strong>quiupauta</strong></span> <span class='ocrx_word' id='word_1_82' title='bbox 1288 3573 1366 3644; x_wconf 83' lang='lat'><strong>500</strong></span> 
     </span>
    </p>
   </div>
   <div class='ocr_carea' id='block_1_8' title="bbox 301 3694 1488 3796">
    <p class='ocr_par' dir='ltr' id='par_1_8' title="bbox 301 3694 1488 3796">
     <span class='ocr_line' id='line_1_18' title="bbox 301 3694 1488 3796; baseline -0.002 -24"><span class='ocrx_word' id='word_1_83' title='bbox 301 3694 422 3796; x_wconf 70' lang='lat' dir='ltr'><strong>Aquae</strong></span> <span class='ocrx_word' id='word_1_84' title='bbox 464 3745 468 3754; x_wconf 85' lang='lat'><em>-</em></span> <span class='ocrx_word' id='word_1_85' title='bbox 531 3703 733 3793; x_wconf 68' lang='lat' dir='ltr'><strong>praeamata</strong></span> <span class='ocrx_word' id='word_1_86' title='bbox 752 3699 855 3770; x_wconf 81' lang='lat' dir='ltr'><strong>mille.</strong></span> <span class='ocrx_word' id='word_1_87' title='bbox 1263 3701 1364 3770; x_wconf 88' lang='grc'><strong>1000</strong></span> <span class='ocrx_word' id='word_1_88' title='bbox 1486 3745 1488 3752; x_wconf 65' lang='lat'>›</span> 
     </span>
    </p>
   </div>
   <div class='ocr_carea' id='block_1_9' title="bbox 273 3823 1364 4049">
    <p class='ocr_par' dir='ltr' id='par_1_9' title="bbox 273 3823 1364 4049">
     <span class='ocr_line' id='line_1_19' title="bbox 273 3823 1108 3918; baseline 0.002 -23"><span class='ocrx_word' id='word_1_89' title='bbox 273 3823 420 3897; x_wconf 80' lang='lat' dir='ltr'><strong>Macera</strong></span> <span class='ocrx_word' id='word_1_90' title='bbox 437 3847 504 3918; x_wconf 86' lang='lat' dir='ltr'><strong>per</strong></span> <span class='ocrx_word' id='word_1_91' title='bbox 523 3824 722 3898; x_wconf 80' lang='lat' dir='ltr'><strong>duodecim</strong></span> <span class='ocrx_word' id='word_1_92' title='bbox 742 3825 856 3898; x_wconf 84' lang='lat' dir='ltr'><strong>horas</strong></span> <span class='ocrx_word' id='word_1_93' title='bbox 877 3830 913 3898; x_wconf 86' lang='lat' dir='ltr'><strong>et</strong></span> <span class='ocrx_word' id='word_1_94' title='bbox 933 3825 1108 3898; x_wconf 84' lang='lat' dir='ltr'><strong>abstrahe</strong></span> 
     </span>
     <span class='ocr_line' id='line_1_20' title="bbox 869 3956 1364 4049; baseline 0.004 -25"><span class='ocrx_word' id='word_1_95' title='bbox 869 3959 1073 4049; x_wconf 78' lang='lat' dir='ltr'><strong>praumato</strong></span> <span class='ocrx_word' id='word_1_96' title='bbox 1091 3960 1255 4026; x_wconf 80' lang='lat' dir='ltr'><strong>seaceuta.</strong></span> <span class='ocrx_word' id='word_1_97' title='bbox 1286 3956 1364 4026; x_wconf 90' lang='grc'><strong>600</strong></span> 
     </span>
    </p>
   </div>
   <div class='ocr_carea' id='block_1_10' title="bbox 453 4365 1085 4508">
    <p class='ocr_par' dir='ltr' id='par_1_10' title="bbox 453 4365 1085 4508">
     <span class='ocr_line' id='line_1_21' title="bbox 453 4365 1085 4508; baseline 0.002 -35"><span class='ocrx_word' id='word_1_98' title='bbox 453 4365 686 4508; x_wconf 91' lang='lat' dir='ltr'><strong>Spiritus</strong></span> <span class='ocrx_word' id='word_1_99' title='bbox 713 4366 1085 4475; x_wconf 78' lang='lat' dir='ltr'><strong>tavanuulae.</strong></span> 
     </span>
    </p>
   </div>
   <div class='ocr_carea' id='block_1_11' title="bbox 270 4588 1362 4818">
    <p class='ocr_par' dir='ltr' id='par_1_11' title="bbox 270 4588 1362 4818">
     <span class='ocr_line' id='line_1_22' title="bbox 270 4588 1362 4692; baseline 0.003 -32"><span class='ocrx_word' id='word_1_100' title='bbox 270 4589 299 4660; x_wconf 85' lang='lat' dir='ltr'>E</span> <span class='ocrx_word' id='word_1_101' title='bbox 319 4589 491 4662; x_wconf 83' lang='lat' dir='ltr'><strong>Floribus</strong></span> <span class='ocrx_word' id='word_1_102' title='bbox 511 4588 750 4663; x_wconf 83' lang='lat' dir='ltr'><strong>Larandulee</strong></span> <span class='ocrx_word' id='word_1_103' title='bbox 774 4595 926 4682; x_wconf 82' lang='lat' dir='ltr'><strong>peretur</strong></span> <span class='ocrx_word' id='word_1_104' title='bbox 944 4596 986 4663; x_wconf 87' lang='lat' dir='ltr'><strong>ut</strong></span> <span class='ocrx_word' id='word_1_105' title='bbox 1006 4591 1165 4692; x_wconf 85' lang='lat' dir='ltr'><strong>Spiritus</strong></span> <span class='ocrx_word' id='word_1_106' title='bbox 1185 4591 1362 4692; x_wconf 85' lang='lat' dir='ltr'><strong>Juuiperi.</strong></span> 
     </span>
     <span class='ocr_line' id='line_1_23' title="bbox 271 4714 745 4818; baseline -0.004 -30"><span class='ocrx_word' id='word_1_107' title='bbox 271 4714 432 4817; x_wconf 77' lang='lat' dir='ltr'><strong>Spiritus</strong></span> <span class='ocrx_word' id='word_1_108' title='bbox 451 4714 603 4818; x_wconf 78' lang='lat' dir='ltr'><strong>Saponis</strong></span> <span class='ocrx_word' id='word_1_109' title='bbox 621 4716 745 4794; x_wconf 73' lang='lat' dir='ltr'><strong>daliuu&#39;.</strong></span> 
     </span>
    </p>
   </div>
   <div class='ocr_carea' id='block_1_12' title="bbox 0 0 1754 5450">
    <p class='ocr_par' dir='ltr' id='par_1_12' title="bbox 0 0 1754 5450">
     <span class='ocr_line' id='line_1_24' title="bbox 0 0 1754 5450; baseline 0 2"><span class='ocrx_word' id='word_1_110' title='bbox 0 0 1754 5450; x_wconf 95' lang='lat' dir='ltr'><strong> </strong></span> 
     </span>
    </p>
   </div>
  </div>
 </body>
</html>
