3500 5450
668 539 911 612 -177-

290 752 525 844 Magnesinm
538 752 757 827 sulfuricum
772 755 855 827 loco
871 755 998 848 tepido
1016 756 1096 830 sive
1110 757 1246 830 balneo
1263 778 1383 849 aquae

180 878 369 951 interdum
384 880 561 972 agitando
579 881 801 974 expositum,
823 882 977 956 demum
992 884 1092 957 ultra
1116 884 1381 958 1000calefac·

180 1010 274 1096 inm,
304 1005 424 1079 donec
455 1007 606 1100 triginta
632 1014 699 1082 sex
726 1008 866 1082 circiter
895 1014 1020 1102 partes
1046 1011 1270 1084 centesimas
1290 1034 1382 1105 pon-

181 1133 280 1206 deris
309 1134 482 1224 amiserit,
502 1135 541 1208 in
560 1136 754 1229 pulverem
774 1135 902 1209 album
917 1136 1094 1211 subtilem
1109 1138 1295 1229 dilabitur,
1317 1140 1381 1231 qui

179 1261 252 1333 sub
271 1261 424 1335 nomine

317 1423 533 1525 linguarium
554 1424 767 1502 sollarien-
787 1426 922 1504 sicenn
943 1422 1168 1530 (dilapsum)

180 1558 333 1647 praesto
348 1555 408 1627 sit.

658 1912 899 2022 lllaltnm.

51 2169 57 2183 '
179 2177 182 2183 '
287 2173 448 2248 Fructus
473 2172 611 2247 Hordei
635 2175 831 2267 incipiente
858 2176 1129 2266 germinatione
1156 2197 1226 2270 ope
1247 2176 1383 2249 caloris

179 2302 316 2389 siccati,
338 2302 473 2375 coloris
491 2301 913 2391 flavino-fuscassentis,
934 2303 1082 2395 saporis
1104 2303 1327 2376 dulciusculi
1348 2308 1385 2375 et

179 2428 369 2501 farinacei.

669 2751 888 2860 Manna.
932 2750 934 2755 ’

292 3010 470 3084 &axinus
495 3010 612 3083 Ornos
631 3011 764 3099 Lino„
791 3010 904 3084 arbor
922 3011 961 3084 in
981 3012 1133 3106 Europa
1152 3017 1379 3090 australiore

178 3138 366 3230 indigena,
386 3137 424 3210 in
444 3137 569 3211 Sicilia
588 3140 699 3212 culta.
726 3137 846 3211 Oieoce
888 3195 895 3210 .

287 3283 430 3357 Soccus
466 3284 709 3358 sacchaiinus
745 3306 764 3358 e
802 3285 944 3358 truncis
989 3287 1193 3361 vulneratis
1232 3291 1379 3364 arboris

178 3413 300 3486 cultae
320 3412 489 3501 effluens,
510 3418 596 3485 aire
616 3412 814 3486 induratus
836 3416 873 3486 et
888 3413 1064 3505 siccatus
1085 3421 1152 3490 aut
1167 3417 1327 3490 occurrit
1340 3418 1380 3490 in

178 3538 309 3612 frustis
330 3540 554 3631 crystallinis
574 3540 833 3633 planiuscnlis
858 3540 1190 3615 subcanaliculatis
1209 3544 1269 3617 vel
1290 3545 1377 3617 suh·

177 3666 412 3760 prisniaticis
451 3667 622 3740 obsoleta
660 3667 828 3759 trigonis,
872 3667 995 3756 siccis,
1027 3669 1248 3759 friabilibus
1280 3672 1377 3745 deci·

178 3800 342 3867 metrum
361 3798 397 3865 et
416 3795 514 3867 ultra
532 3794 667 3887 longis
692 3794 768 3867 duo
788 3795 837 3868 ad
858 3800 1020 3888 quatuor
1040 3797 1258 3870 centimetra
1276 3798 1377 3885 latis,

179 3921 314 3995 coloris
348 3920 460 3994 albidi
490 3922 550 3994 vel
579 3922 903 4010 subssavescentis,
933 3923 1082 4016 saporis
1121 3945 1214 4016 pure
1245 3926 1376 4016 dulcis

179 4044 305 4126 Maon
338 4044 551 4135 senachim
589 4053 653 4121 aut
691 4049 787 4122 sistit
813 4070 984 4122 massam
1013 4072 1251 4142 grumosam,
1282 4074 1380 4145 quae

180 4181 331 4251 constat
364 4198 384 4249 e
412 4175 582 4249 frustulis
614 4179 652 4249 ei
683 4175 812 4267 granis
848 4177 1038 4268 qualitatis
1064 4177 1145 4270 jam
1171 4178 1394 4273 descriptae.

181 4303 413 4396 conglobatis
438 4304 498 4377 vel
526 4302 740 4376 substantia
767 4302 872 4376 molli
901 4305 1083 4378 subfusca
1108 4306 1203 4378 inter
1228 4328 1270 4380 se
1293 4328 1379 4380 con-

181 4432 382 4523 glutinatis
421 4431 569 4524 saporis
603 4431 706 4504 haud
739 4431 866 4505 minus
905 4431 1023 4505 dulcis
1065 4433 1252 4526 simulque
1291 4456 1377 4507 cum

182 4557 349 4651 quadam
369 4559 552 4648 acredine,
574 4555 698 4634 Maon
717 4555 923 4635 eommunis.

290 4702 454 4796 Infusum
473 4710 503 4775 et
523 4702 687 4801 Syrupus
709 4701 842 4776 Scenae
860 4727 937 4775 cum
957 4701 1105 4776 Manita.

290 4841 484 4896 Pharmneopoon.
1128 4846 1161 4898 12
