3500 5450
846 518 1081 593 -asb-

359 762 468 815 verso
487 739 710 834 praesertim
725 739 774 814 ad
788 740 934 814 initium
951 739 1079 812 annuli
1095 739 1278 832 cujusque
1294 739 1382 811 anni
1397 760 1553 812 concen-

358 870 438 942 trici
460 870 656 943 manifeste
675 890 824 962 perosa,
858 869 971 941 radiis
1001 867 1270 941 medullaribus
1290 868 1552 955 subtilissimis,

358 998 627 1091 approximatis
657 1002 822 1088 exarata,
853 996 978 1069 odoris
1007 995 1258 1085 foeniculaeei,
1288 996 1436 1087 saporis
1464 997 1552 1068 sub-

362 1125 492 1199 duleis.

464 1253 507 1327 In
544 1257 753 1326 mercatura
790 1252 941 1345 saepius
980 1251 1131 1324 obvenit
1174 1251 1346 1324 scissum.
1396 1251 1551 1342 Lignum

353 1385 486 1471 trunci,
505 1386 672 1455 aromate
692 1382 767 1454 fere
787 1380 940 1452 omuino
952 1400 1092 1469 carens
1112 1377 1356 1469 rejiciendum
1377 1384 1445 1451 est.

465 1509 599 1605 Species
618 1507 826 1605 Lignorum.

719 1811 898 1921 Radix
923 1811 1187 1954 Senegae.

461 2037 633 2135 Polyqala
661 2036 789 2135 Seueqa
822 2038 953 2128 Linn.‚
981 2037 1112 2129 planta
1139 2035 1318 2128 perennis
1357 2035 1545 2108 Amerieae

353 2167 527 2239 borealis.
548 2165 806 2263 Polyyalaeeae.

461 2294 585 2365 Radix
605 2294 753 2382 siccata,
776 2292 825 2365 ad
845 2292 1086 2364 decimetrum
1104 2291 1224 2382 longa
1238 2291 1309 2364 sub
1328 2291 1410 2363 basi
1429 2291 1547 2364 multi-

354 2420 461 2512 eipite
477 2419 889 2510 tuberculum-nodosa,
910 2440 1023 2511 saepe
1033 2418 1197 2492 residuis
1209 2418 1365 2490 caulinis
1375 2419 1548 2511 praedita,

352 2569 436 2619 raro
453 2547 551 2620 ultra
571 2553 654 2618 octo
674 2547 887 2620 millimetra
906 2568 1042 2635 crassa,
1064 2545 1222 2638 simplex
1241 2549 1305 2617 aut
1325 2546 1550 2633 subramosa,

353 2674 496 2767 apicem
516 2695 649 2746 versus
669 2674 810 2747 sensim
831 2678 1033 2762 attenuata,
1061 2672 1282 2766 plemmque
1302 2678 1460 2762 arcuata
1484 2672 1549 2745 ial-

352 2805 436 2875 eata
462 2806 526 2873 aut
551 2806 735 2893 tortuosa,
764 2802 804 2874 in
832 2802 1004 2876 interiore
1035 2807 1254 2874 curvaturae
1284 2785 1399 2872 latere
1427 2801 1550 2873 carina

352 2928 516 3002 eortieali
535 2929 620 3020 plus
640 2931 765 3002 minus
786 2936 918 3021 arguta
936 2935 1074 3005 natata.
1104 2929 1141 3000 in
1165 2929 1280 3001 latere
1302 2928 1475 3020 opposito
1493 2950 1549 3001 ru-

352 3078 453 3148 gosa,
474 3056 623 3146 callosa,
652 3062 788 3146 torosa,
812 3063 927 3129 extus
954 3057 1089 3129 eoloris
1110 3055 1234 3128 liavidi
1260 3060 1328 3141 ¹aut
1357 3055 1511 3147 griseo-s
1535 3097 1546 3107 -

353 3185 565 3273 seeseentis
586 3184 929 3275 odorispeeuliaris
951 3184 1096 3275 saporis
1117 3183 1225 3255 acris.

462 3312 584 3384 Sectio
613 3317 830 3384 transversa
858 3309 1005 3398 radicis,
1036 3310 1159 3402 amylo
1199 3333 1244 3381 ex
1282 3314 1361 3382 tote
1383 3310 1537 3382 carentis

351 3441 484 3533 probat
513 3441 687 3511 corticem
717 3438 884 3511 albidum
921 3443 980 3510 sat
1007 3436 1125 3510 latum
1155 3444 1191 3511 et
1218 3438 1360 3529 lignum
1389 3437 1549 3510 centrale

352 3567 572 3656 subflavum,
612 3566 727 3638 radiis
765 3564 1037 3637 medullaribus
1076 3565 1278 3639 subtilibus
1311 3569 1492 3652 notatum,
1511 3564 1548 3635 in

352 3695 466 3767 latere
488 3694 636 3766 carinae
654 3692 818 3766 eortieali
834 3693 1008 3785 opposito
1024 3692 1244 3784 plerumque
1261 3695 1472 3765 truncatum
1488 3696 1550 3763 aut

352 3823 533 3895 excisum.

462 3948 633 4046 Syrupaa

707 4230 884 4341 Radix
910 4232 1198 4340 Taraxaei.

464 4458 686 4530 Tarusatium
704 4455 887 4553 officinam,
907 4458 1007 4532 vide:
1030 4456 1134 4527 Folia
1154 4454 1341 4527 Taruxaei.

460 4586 583 4658 Radix
609 4586 817 4676 multiceps
845 4583 1277 4677 cylindrieoiusiformis
1298 4604 1411 4655 sueeo
1430 4582 1545 4654 lacteo

351 4715 509 4804 scatens,
530 4713 671 4786 siccata
688 4713 816 4804 rigida,
836 4712 1000 4785 fractura
1015 4712 1169 4804 aequali,
1189 4711 1412 4803 plerumque
1431 4730 1543 4782 unum
