3500 5450
669 568 909 642 —243-

186 780 325 872 obliqui
344 781 419 854 hilo
438 782 567 855 leviter
580 784 775 875 impressa,
786 790 884 858 testa
899 784 1123 876 laevissima,
1134 784 1261 875 nitida,
1273 786 1389 875 lusca,

187 907 300 997 tenui,
327 906 465 1000 rigida,
481 910 710 1002 epidermidc'
731 911 1000 1003 mucilaginoso
1024 910 1218 999 instructa,
1246 908 1331 984 inde
1351 910 1389 983 in

187 1055 289 1125 aqua
312 1034 477 1107 emollita
494 1036 643 1127 lubrica,
670 1038 803 1110 nucleo
824 1037 950 1111 albida
971 1039 1031 1110 vel
1055 1037 1243 1129 subviridi,
1263 1037 1389 1129 amylo

187 1165 345 1253 carente,
366 1162 514 1255 saporis
533 1163 633 1236 mitis
653 1164 779 1251 oleosi,
798 1164 902 1237 haud
921 1163 1072 1238 rancidi.

297 1288 506 1377 Quotannis
525 1288 757 1364 renovanda.

296 1414 432 1511 Species
450 1415 667 1489 mollientes.

517 1737 707 1846 Scmcn
733 1737 1060 1879 lllyristicac.

623 1966 721 2047 Nux
742 1970 969 2049 moschata.

297 2146 485 2244 Myristicc
493 2145 674 2244 froprcna
693 2145 793 2219 vide:
813 2144 940 2218 Maris.

296 2273 425 2348 Nuclei
443 2273 609 2365 seminis,
629 2273 749 2346 forma
777 2273 876 2346 ovali
895 2278 960 2347 aut
979 2272 1219 2365 subglobosa,
1247 2270 1321 2345 duo
1342 2274 1389 2345 ad

41 2389 44 2393 ’
187 2401 257 2475 tria
286 2401 503 2474 centimetra
521 2401 559 2473 in
580 2401 767 2489 diametro
797 2399 1007 2493 ponderosi,
1037 2403 1144 2472 extus
1173 2399 1385 2473 reticulato·

188 2527 326 2619 rugosi,
347 2527 522 2618 subfusci,
550 2528 768 2621 plerumque
797 2526 950 2620 pulvere
979 2526 1063 2599 albo
1092 2527 1274 2619 adspersi,
1306 2527 1390 2599 basi

188 2655 272 2745 bilo,
292 2654 396 2748 apice
416 2655 571 2729 chalaza
591 2659 627 2728 et
644 2654 684 2728 in
702 2657 807 2747 parte
820 2653 934 2747 paulo
951 2654 1075 2727 minus
1092 2672 1260 2727 convexa
1268 2653 1388 2748 raphe

187 2783 332 2855 sulcata
358 2782 539 2872 instructi,
569 2783 755 2855 albumine
775 2781 1014 2875 griseo-albe,
1043 2782 1386 2890 oleoso-farinam,

187 2909 267 2982 basi
296 2910 540 3001 embryonem
568 2910 799 2995 continente,
827 2908 933 3001 plicis
964 2908 1202 2980 membranae
1239 2907 1384 3000 integu-

188 3036 302 3109 menti
321 3036 486 3109 internae
507 3037 665 3110 obscure
685 3036 797 3109 fulvis
815 3036 1013 3126 ruminate,
1033 3035 1159 3108 odoris
1181 3038 1218 3107 et
1238 3035 1386 3126 saporis

187 3163 318 3237 eximie
338 3163 538 3237 aromatici.

295 3290 424 3363 Nuclei
442 3290 588 3381 mucidi,
603 3291 717 3379 leves,
734 3290 781 3364 ab
801 3290 953 3362 insectis
974 3288 1126 3377 corrosi,
1138 3310 1207 3362 nec
1227 3311 1304 3362 non
1320 3290 1385 3362 ob-

60 3501 63 3505 ,
186 3418 288 3509 longi
313 3422 350 3490 et
367 3416 538 3508 maiores
568 3417 713 3510 saporis
743 3422 780 3490 et
807 3415 933 3489 odoris
964 3414 1163 3505 debilioris
1183 3415 1389 3512 Myristiccc

177 3545 310 3638 saluae
329 3544 523 3637 (Houtt.)
543 3543 752 3636 progenies,
771 3543 996 3635 rejiciantur.

294 3671 403 3769 Aqua
421 3671 618 3744 aromatica
635 3670 841 3766 spiritunon.
872 3668 1114 3741 Elcctcoricm
1135 3669 1383 3742 aromaticum.

187 3797 347 3895 Spiritus
367 3797 590 3872 aromaticus.

552 4117 743 4226 Samen
771 4115 1028 4253 Quercus.

301 4324 453 4416 Qumcus
491 4322 727 4419 pedunculotc
771 4328 809 4396 ct
850 4323 1002 4414 Quercus
1029 4323 1244 4418 sessiliflora,
1283 4324 1387 4396 vide:

195 4453 317 4526 Cortex
336 4451 496 4544 Quercus.

299 4579 449 4653 Semina
476 4583 625 4654 matura
653 4579 802 4668 siccata,
843 4579 1135 4668 exalbumiuosa,
1166 4582 1341 4651 constant
1369 4601 1389 4651 e

190 4706 465 4797 cotyletonibus
486 4705 645 4796 duobuS,
666 4726 779 4797 saepe
801 4727 880 4796 Jam
907 4706 1101 4797 separatis
1131 4704 1302 4796 oblongis
1331 4705 1391 4777 vel

1176 4842 1226 4895 rc*
