3500 5450
874 507 1110 582 -aal-

725 721 902 831 ltudix
927 721 1242 832 bodoariac.

756 970 954 1049 Rhizoma
977 971 1212 1050 Zedoariae.

503 1163 678 1235 Curcumo
701 1163 874 1236 Zedooria
894 1166 1079 1255 Roscoe‚
1099 1166 1228 1259 planta
1242 1167 1428 1257 perennis,
1448 1167 1485 1237 in
1499 1168 1585 1239 Asia

387 1293 532 1384 tropica
550 1292 735 1383 indigena.
759 1292 1035 1388 Zioqidcroccoe.

496 1420 653 1493 Cormus
673 1420 790 1492 ovalis
811 1426 875 1493 aut
898 1421 1120 1512 pyriformis,
1146 1420 1356 1511 annulatus,
1381 1442 1448 1512 per
1467 1426 1582 1493 traus-

387 1570 547 1631 versum
568 1548 754 1620 interdum
773 1569 841 1638 per
860 1548 1129 1638 longitudinem
1148 1554 1273 1620 sectus
1294 1552 1330 1619 ct
1349 1547 1521 1621 siccatus.

496 1675 646 1747 Occurit
665 1674 886 1767 plerumque
914 1675 952 1746 in
981 1674 1109 1747 frustis
1139 1675 1412 1747 disciformibus
1441 1677 1579 1749 orbicu-

384 1804 479 1894 latis,
499 1804 546 1874 ad
562 1805 724 1894 quatuor
738 1801 955 1874 centimetra
969 1801 1062 1891 latis,
1083 1803 1249 1895 quinque
1269 1802 1316 1874 ad
1337 1803 1467 1876 decem
1480 1804 1581 1876 milli·

384 1936 503 2004 metra
532 1930 677 2019 crassis,
707 1928 843 2001 coloris
873 1927 1095 2021 generaliter
1123 1950 1143 2001 e
1172 1930 1295 2020 griseo
1326 1929 1494 2001 subfusci
1520 1936 1582 2002 aut

383 2055 806 2147 subrubescenti-grisei,
824 2056 1056 2130 extrinsecus
1076 2057 1320 2149 peridermate
1346 2055 1580 2128 ochroleuco-

383 2189 614 2260 fusccscentc
652 2184 884 2276 singulisque
930 2185 1097 2257 radicum
1146 2184 1361 2276 fragmentis
1398 2184 1581 2275 praeditis,

383 2312 630 2385 crassioribus
649 2312 809 2385 residuis
829 2311 1004 2385 foliomm
1024 2311 1220 2403 annulatis,
1238 2311 1353 2402 duris
1367 2311 1406 2382 in
1425 2312 1582 2384 fractura

383 2441 529 2533 aequali
549 2438 686 2529 solidis,
708 2438 833 2510 odoris
854 2438 1045 2512 aromatici
1072 2438 1415 2531 subcamplroracei,
1439 2439 1580 2531 saporis

382 2568 583 2656 aromatici,
605 2566 807 2639 subamari.

491 2694 612 2768 Sectio
632 2698 848 2766 transversa
867 2693 1147 2785 albido-grisea
1167 2694 1378 2767 numerosis
1406 2698 1578 2787 punctata

381 2823 523 2895 cellulis
553 2821 713 2894 olelferis
743 2825 779 2893 et
806 2820 993 2893 fasciculis
1021 2842 1200 2893 vasorum
1223 2819 1398 2912 disJectis
1423 2827 1575 2894 stratum

380 2956 581 3041 angustum
600 2948 835 3041 perifericum
853 2948 998 3040 probat,
1019 2954 1159 3041 aparte
1175 2948 1329 3021 centrali
1344 2947 1470 3040 ampla
1483 2949 1574 3021 linea

378 3076 652 3149 endodermidis
674 3076 797 3147 albida
816 3082 1040 3167 separatum.

489 3205 632 3276 Acetum
651 3202 895 3274 aromaticum.
1092 3188 1100 3203 ⁴

711 3742 889 3853 llo-dix
913 3742 1235 3885 zingiberis.

748 3972 946 4051 Rhizoma
970 3970 1201 4076 Zingiberis.

485 4181 652 4280 Zircqiber
671 4183 844 4279 officiante
863 4184 1050 4272 Roscoe,
1069 4183 1201 4276 planta
1219 4183 1405 4275 perennis,
1430 4183 1468 4255 in
1487 4182 1567 4254 Asia

377 4312 516 4404 tropica
534 4311 716 4401 indigena
737 4311 875 4383 ibidem
896 4316 1006 4403 atque
1026 4312 1065 4383 in
1084 4311 1164 4383 aliis
1194 4313 1303 4383 terris
1334 4311 1484 4403 tropicis
1502 4311 1564 4381 fre·

375 4443 532 4530 quenter
552 4438 662 4509 culta.
685 4436 959 4534 Zingibercceoc.

481 4565 666 4638 erizoma
703 4564 1099 4654 tuberoso-ramosum,
1140 4564 1422 4658 superficialiter
1459 4584 1563 4636 annu·

372 4695 497 4784 latum,
515 4693 743 4784 depressum,
761 4691 949 4763 radicibus
961 4693 1140 4782 orbatum,
1150 4692 1285 4784 parlim
1297 4692 1560 4779 decorticatum,
