3500 5450
637 555 852 627 ..qq-

149 774 383 904 Aqua
423 773 1085 907 Amymoniorum
1114 798 1344 883 ama·

282 963 588 1045 marcam
629 940 1207 1049 concesseram.

145 1156 245 1248 Rpe:
280 1153 558 1256 Anygdalarvn
577 1178 777 1233 amararum
817 1161 1013 1253 promptulo
1034 1156 1233 1251 oclinpentu
1264 1158 1343 1229 800

254 1283 450 1356 Contunde
465 1287 502 1356 et
515 1283 648 1356 iterata
664 1285 903 1376 expressione
919 1283 969 1355 ab
983 1284 1064 1355 oleo
1075 1282 1203 1375 pingui
1220 1285 1343 1358 libera.

142 1409 358 1483 Placentam
383 1411 574 1484 residuam
597 1411 635 1484 in
661 1413 855 1505 pulverem
873 1412 1068 1483 redactam
1088 1410 1125 1483 in
1146 1410 1343 1485 duodecim

144 1543 270 1629 partes
290 1537 423 1611 divide.

250 1666 401 1738 Partem
440 1686 555 1738 unam
595 1688 757 1758 sepone,
795 1668 960 1761 reliquas
1006 1668 1180 1741 undecim
1218 1674 1344 1761 partes

142 1794 285 1866 sensim
310 1794 437 1885 ingere
465 1795 504 1866 in
528 1793 694 1866 vesicam
724 1793 1019 1884 destillatoriam,
1054 1817 1149 1888 quae
1177 1797 1344 1869 continet

249 1919 367 2019 Aquae
378 1918 786 1999 destillatuebnlllontls
795 1929 1028 2019 praecordium
1039 1947 1098 1995 sex
1108 1923 1341 1997 avilliaoooo

249 2067 414 2140 Miscella
442 2068 595 2141 ebulliat
624 2090 692 2161 per
722 2068 865 2160 aliquot
893 2068 1074 2160 minutae,
1105 2069 1191 2142 dein
1219 2070 1344 2162 ignem

141 2194 325 2286 extingue.
760 2278 765 2285 .

248 2322 340 2395 Post
358 2323 675 2415 refrigerationem
700 2324 866 2397 admisce
894 2324 1017 2397 adhuc
1041 2324 1235 2397 residuam
1258 2348 1342 2417 par·

141 2453 216 2522 tem
235 2449 440 2542 placentae.

247 2576 328 2650 Stet
346 2600 413 2670 per
433 2579 718 2671 nyctlremerum
739 2579 826 2652 dein
846 2579 1005 2668 destilla,
1026 2579 1145 2652 donec

791 2711 989 2803 preminate
1008 2705 1101 2779 mille
1242 2706 1343 2779 1000

140 2816 198 2887 vel
218 2836 252 2907 q.
273 2837 304 2888 s,

139 2942 361 3033 transierint,
399 2948 440 3016 ut
473 2942 620 3015 oritanae
651 2950 774 3038 partes
806 2964 929 3033 aquae
965 2942 1180 3016 contineant
1203 2949 1342 3038 partimi

140 3094 245 3141 unam
265 3071 359 3143 acidi
380 3071 659 3162 hydrocyanici.

246 3197 304 3269 Ad
326 3198 575 3289 quantitatem
595 3197 682 3269 dicti
702 3196 799 3270 acidi
819 3196 1147 3269 determinandam
1168 3196 1343 3269 inserviat

139 3325 275 3397 solutio
305 3324 409 3417 cupri
436 3324 601 3397 sulfurici
630 3323 885 3412 volumetrica‚
912 3323 1022 3415 cujus
1052 3323 1210 3415 quodvis
1232 3325 1344 3396 centi-

138 3458 300 3526 metrum
316 3452 489 3524 cubicum
509 3452 648 3525 indicat
667 3451 932 3543 milligrarnma
950 3472 1070 3525 unum
1090 3451 1184 3525 acidi
1204 3451 1342 3544 hydro-

139 3580 296 3673 cyanici.

245 3708 342 3780 Hinc
356 3706 535 3796 miscella,
547 3706 716 3779 coniecta
731 3727 776 3778 ex
787 3704 921 3797 Aquae
931 3705 1226 3797 Amygdalarum
1239 3730 1341 3780 ama-

137 3858 262 3909 rarum
295 3839 557 3910 concentratae
587 3833 814 3906 centimetris
845 3833 984 3906 cubicis
1019 3833 1342 3926 vigintiquinque

139 3965 205 4055 (05
223 3965 295 4059 00)
313 3969 349 4037 et
369 3964 581 4037 ammoniae
597 3961 844 4036 centrimctris
867 3962 1007 4034 cubicis
1023 3961 1188 4055 quinque
1206 3965 1245 4053 (5
1258 3961 1342 4054 00),

138 4092 304 4183 requirat
337 4091 561 4164 centimetra
590 4089 718 4181 viginti
744 4090 910 4181 quinque
943 4088 1009 4184 (05
1044 4088 1116 4180 00)
1143 4089 1343 4162 solutionis

138 4199 243 4310 cupri
277 4219 452 4306 sulfurici,
492 4219 612 4292 donec
651 4217 773 4309 liquor
811 4218 976 4289 colorem
1015 4218 1228 4290 caeruleum
1265 4238 1343 4289 non

139 4346 299 4437 amplius
320 4351 609 4418 evanescentem
627 4345 759 4418 induit.

246 4472 356 4563 Aqua
392 4473 687 4565 amygdalarum
727 4493 943 4545 amararum
980 4472 1028 4544 sit
1058 4492 1195 4564 parum
1231 4472 1343 4544 lacte·

138 4620 261 4689 scens,
282 4601 408 4672 oleum
432 4601 718 4692 amygdalarum
738 4621 955 4673 amararum
981 4603 1017 4671 et
1039 4598 1187 4671 acidum
1206 4599 1341 4691 hydro·

63 4719 67 4726 ’
139 4727 342 4818 cyanicum
356 4728 540 4816 redolenS,
562 4729 707 4820 saporis
728 4727 870 4800 urentis
891 4726 1042 4799 minime
1064 4726 1195 4799 dulcis.
