3500 5450
673 549 916 621 -aaa-

193 766 462 858 longitudinem
480 787 631 859 rugosa,
652 768 810 840 obscure
831 768 938 839 fusca
964 766 1172 857 gibbosum,
1203 784 1391 854 asperum,

193 894 361 985 rigidum,
388 892 534 980 durum,
560 893 598 966 in
629 894 793 968 fractura
821 892 1042 984 subaequali
1067 912 1205 964 comea
1236 890 1391 982 pulchre

193 1023 343 1110 ssavum,
375 1023 412 1093 in
443 1022 607 1093 sectione
634 1026 852 1095 transversa
870 1021 1007 1093 cuculo
1038 1041 1057 1091 e
1086 1018 1276 1091 nonnullis
1305 1018 1391 1109 ligni

194 1150 391 1240 fasciculis,
423 1149 644 1242 plerumque
679 1149 980 1239 cuneifonnibuS,
1014 1148 1195 1240 angustis,
1228 1146 1392 1232 remotis,

192 1279 336 1371 passim
355 1299 443 1350 vero
464 1278 741 1371 approximatis,
767 1278 928 1350 obscure
948 1276 1073 1366 luscis,
1098 1276 1193 1347 inter
1217 1274 1391 1347 corticem

195 1406 488 1479 crassiusculum
535 1410 571 1479 et
613 1406 817 1478 medullam
854 1404 1113 1478 orbicularem.
1154 1402 1305 1495 Saporis
1336 1405 1392 1471 est

194 1535 531 1622 nauseoso-amari,
546 1534 779 1606 masticando
800 1533 958 1606 salivam
974 1532 1097 1605 colore
1113 1531 1211 1603 flavo
1231 1531 1390 1620 tingens.

305 1679 515 1753 Extractam
530 1678 696 1774 fluidum.

296 2117 592 2229 Rauen
628 2115 1304 2252 lpeeaeuannae.

310 2371 489 2468 Oeplue'lis
508 2372 748 2469 Ipecocuoalo
767 2372 1042 2460 Willdenow,
1062 2372 1191 2464 planta
1206 2368 1391 2462 perennis

193 2502 232 2574 in
251 2502 353 2574 silvis
374 2501 538 2575 humidis
557 2501 736 2573 Brasiliae
757 2505 979 2593 spontanea.
1005 2498 1208 2571 liubioceue.

303 2646 516 2738 Radices,e
550 2646 755 2719 rhizomate
784 2646 886 2719 tenui
915 2645 1061 2718 nodoso
1092 2648 1245 2737 repente
1276 2647 1391 2730 ortae,

191 2778 362 2867 siccatae,
381 2777 558 2868 integrae,
591 2776 795 2865 flexuosae,
825 2775 873 2847 ad
894 2774 1145 2848 extremitates
1166 2776 1391 2860 attenuatae,

189 2905 409 2997 plerumque
448 2908 577 2976 autem
613 2903 651 2976 in
688 2904 917 2994 fragmentis,
957 2902 1083 2993 quoad
1118 2900 1391 2993 longitudinem

191 3032 461 3124 inaequalibus
492 3035 652 3122 quatuor
680 3030 729 3103 ad
755 3030 919 3123 quinque
948 3029 1158 3102 millimetra
1184 3028 1333 3120 crassis
1353 3028 1391 3100 in

191 3160 386 3252 superficie
415 3159 779 3246 annulatonodosis,
819 3158 929 3230 nodis
965 3157 1232 3249 approximatis
1263 3161 1300 3229 et
1325 3177 1392 3247 per

190 3288 458 3380 longitudinem
483 3286 636 3359 delicate
658 3286 807 3375 striatiS,
834 3286 970 3359 coloris
999 3285 1220 3377 plerumque
1250 3284 1388 3375 griseo-

191 3416 295 3503 iusci,
311 3436 424 3507 saepe
434 3413 779 3505 nigrescenti-iusci,
788 3414 922 3486 cortice
939 3435 1078 3504 erasse,
1089 3412 1218 3504 fragili,
1229 3412 1392 3484 fractura

192 3544 410 3629 subcomea
425 3542 595 3614 facillime
612 3540 809 3633 separabili
824 3540 959 3631 aligno
973 3543 1098 3632 terete,
1118 3540 1250 3626 tenaci,
1265 3536 1390 3612 odoris

193 3671 334 3761 debilis,
354 3670 500 3758 mucidi,
521 3670 669 3761 saporis
690 3668 875 3756 nauseosi,
897 3668 1014 3740 amari
1034 3672 1071 3740 et
1090 3667 1270 3740 subacris

300 3816 342 3888 In
357 3816 521 3888 sectione
535 3819 754 3887 transversa
773 3819 930 3907 apparet
950 3817 1074 3885 cortex
1091 3812 1390 3903 albido-griseus

194 3944 384 4017 latitudine
413 3964 582 4034 aequans
612 3946 676 4014 aut
704 3963 890 4034 superans
919 3942 1060 4032 lignum
1091 3939 1254 4012 centrale
1289 3961 1388 4011 com-

190 4077 351 4164 pactum,
367 4071 657 4156 subflavescens,
678 4069 777 4141 haud
798 4070 992 4142 manifeste
1012 4067 1388 4178 radiatim'lineatum,

191 4198 431 4272 subtilissime
464 4218 655 4290 porosum.
713 4198 790 4269 Sub
834 4198 1079 4288 microscopio
1118 4196 1193 4267 tela
1239 4195 1384 4268 corticis

192 4327 353 4418 lignique
379 4330 529 4398 scatens
554 4326 677 4417 amylo
704 4326 912 4417 composito
933 4330 969 4398 et
987 4345 1213 4397 numerosae
1234 4324 1388 4395 cellulae

190 4455 408 4547 raphidibus
429 4453 535 4525 calcii
554 4453 684 4525 oxalici
707 4454 872 4544 repletae
893 4454 1152 4525 observantur.

302 4599 481 4671 Tiuclaro.
521 4598 692 4696 Syrupus.
737 4598 921 4671 Trochisci.
969 4583 1092 4670 Pulvis
1130 4595 1391 4694 Iperucuuuhue

192 4727 344 4824 optatus.
