3500 5450
635 565 851 637 ..17-

139 783 419 875 nigricantibuS‚
436 804 551 875 saepe
568 784 721 875 pulvere
736 782 971 856 viridescenti
984 781 1186 876 adspersis,
1202 784 1341 877 tragili-

138 912 210 983 bus
234 911 527 1004 friabilibusque,
557 911 785 986 infractura
811 912 1230 1005 granulatoconehatis,
1261 914 1342 987 vitri

138 1036 258 1110 instar
285 1039 502 1128 nitentibus,
528 1039 566 1111 in
599 1038 770 1112 frustulis
789 1038 968 1112 tenuibus
990 1037 1109 1128 claris,
1135 1040 1343 1134 pellucidis,

141 1166 342 1258 amorphiS‚
377 1168 498 1241 colore
519 1167 671 1240 flavido-
699 1172 764 1240 aut
789 1165 1111 1256 subrubro-fusc0‚
1150 1166 1343 1259 pulverem

140 1292 280 1366 flavum
326 1295 605 1386 praebentibus²
654 1294 780 1367 odoris
831 1294 1031 1387 peculiaris
1081 1295 1342 1386 subnauseosi‚

142 1420 289 1511 saporis
308 1422 506 1514 perornari.

250 1546 293 1620 In
314 1570 414 1641 aqua
431 1548 567 1640 frigida
585 1549 678 1622 blod
699 1570 745 1621 ex
772 1553 878 1641 parte
899 1548 1072 1636 solvitur;
1099 1570 1186 1621 cum
1206 1550 1342 1641 duplici

142 1695 263 1767 aquae
274 1676 435 1749 fervidae
447 1677 654 1769 quantitate
665 1677 890 1749 solutionem
904 1677 981 1749 iere
991 1676 1195 1769 limpidam,
1207 1679 1342 1751 coloris

141 1803 236 1875 lusci
263 1804 428 1896 praebet,
456 1825 551 1897 quae
572 1805 789 1897 refrigerata
810 1804 1024 1878 substantia
1047 1805 1218 1877 resinosa
1244 1827 1343 1879 sece-

142 1930 253 2004 dente
278 1931 457 2004 turbatur.
488 1932 581 2004 Cum
604 1932 737 2024 spiritu
752 1932 826 2005 vini
846 1938 1087 2006 concentrato
1107 1933 1242 2005 solutio
1262 1955 1343 2026 per·

141 2059 236 2132 fecte
264 2058 418 2152 limpida
451 2059 576 2149 oritur,
611 2082 707 2152 quae
740 2061 800 2133 vel
825 2082 898 2154 ope
918 2061 1053 2133 caloris
1083 2060 1225 2147 effecta,
1259 2067 1345 2153 post
1455 2106 1456 2109 =

141 2186 458 2277 refrigerationem
476 2209 554 2260 non
574 2188 755 2260 turbatur.
773 2186 974 2260 Aetherem
994 2187 1230 2260 ebullientem
1249 2189 1343 2261 Aloe

141 2312 379 2385 solummodo
399 2314 587 2387 levissime
606 2315 881 2404 flavescentem²
911 2314 1216 2388 chlorolormium
1240 2316 1343 2387 nullo

144 2439 260 2512 modo
281 2441 434 2515 colorat.

251 2566 465 2641 Extremum.
481 2568 603 2642 Masso
616 2569 815 2667 pilularum
827 2564 941 2661 Buffi.
964 2566 1103 2641 Piluluc
1121 2568 1287 2641 lucanica.

628 2766 867 2875 Alumen.

249 2950 422 3043 Crystalli
442 2953 685 3042 octaedrieae,
703 2952 907 3041 decolores
927 2951 966 3023 in
987 2960 1073 3025 aere
1098 2973 1236 3044 pamm
1260 2951 1342 3025 tati-

141 3085 301 3169 scentes
318 3082 466 3173 saporis
494 3080 633 3174 stiptici
647 3081 856 3169 subdulciS,
875 3080 1079 3154 reactionis
1100 3079 1242 3153 acidae.
1261 3080 1341 3153 Sol·

139 3215 279 3283 vuntur
303 3208 341 3280 in
362 3209 490 3280 decem
511 3207 654 3281 circiter
672 3207 843 3301 partibus
864 3229 987 3299 aquae
1007 3207 1176 3300 frigidae,
1196 3207 1343 3281 facilius

142 3337 181 3410 in
202 3357 302 3429 aqua
321 3334 474 3408 fervida.
514 3333 725 3408 Calefactae
751 3355 892 3428 aquam
921 3334 1096 3407 emittunt
1115 3339 1152 3407 et
1172 3357 1343 3408 massam

142 3464 268 3537 albam
286 3464 534 3557 spongiosam
548 3463 774 3556 relinquunt,
793 3463 932 3556 ignitae
954 3463 1104 3536 acidum
1126 3463 1345 3536 sulluricum

144 3590 331 3663 emittunt.
366 3588 408 3662 In
434 3589 548 3661 limbo
573 3589 750 3662 flammae
773 3611 909 3682 parum
930 3588 1110 3681 fulgentis
1132 3589 1344 3678 calefactae,

142 3718 244 3791 hunc
263 3717 433 3791 violaceo
454 3718 578 3790 colore
598 3716 778 3791 inficiunt.

250 3845 390 3939 Liquor
407 3844 493 3917 kalii
512 3845 785 3938 hydrooxydati
805 3845 844 3918 in
868 3845 1060 3918 solutione
1087 3866 1233 3938 aquosa
1253 3844 1342 3916 Alu-

147 3969 261 4044 minis
282 3970 534 4043 sedimentum
554 3971 693 4061 album,
716 3971 967 4065 gelatinosum
988 3972 1111 4060 efficit,
1128 3971 1231 4066 quod
1247 3971 1344 4044 kalio

144 4096 428 4188 hydrooxydato
448 4098 649 4171 excedente
678 4098 852 4186 solvitur3
878 4098 1001 4192 liquor
1021 4099 1260 4187 ammoniam,
1286 4099 1344 4171 vel

150 4225 363 4313 calefactus
378 4247 426 4297 ne
441 4225 619 4313 redoleat,
638 4246 762 4318 neque
779 4248 879 4318 aqua
894 4226 1202 4318 hydrosullurata
1218 4227 1346 4301 addita

144 4355 326 4429 turbetur.

256 4482 400 4556 Solutio
448 4505 599 4578 quoque
640 4504 789 4577 aquosa
824 4505 925 4576 aqua
957 4482 1265 4575 hydrosulfurata
1298 4504 1345 4554 ne

146 4610 328 4683 turbetur.

255 4734 442 4808 Decretum
461 4736 724 4833 Sarsupurillue
743 4736 970 4832 compositum
985 4736 1127 4831 fortius.

255 4871 450 4929 Pharmucopoaa.
1128 4876 1145 4928 2
