3500 5450
662 548 898 621 -117-

179 767 236 839 vel
256 768 436 861 quinque·
458 769 505 841 ad
525 768 765 861 septemloba,
792 767 888 840 labis
913 769 1069 856 antusia,
1095 768 1372 861 subduplieato-

178 896 522 984 arenata-dentata,
541 897 721 990 quinque·
737 901 802 968 aut.
816 897 1101 988 septemnervia,
1121 897 1373 989 pilosiuscula,

178 1044 295 1115 supra
313 1029 477 1097 saturata
498 1023 636 1107 viridia,
657 1023 790 1095 subtus
810 1022 1016 1114 pallidiora,
1036 1024 1209 1114 inodora,
1230 1024 1376 1117 saporis

178 1151 451 1243 mucilaginosi,
472 1173 491 1224 e
510 1151 646 1243 plantis
661 1150 944 1223 florescentibus
960 1151 1171 1243 colligenda
1186 1156 1222 1223 et
1237 1151 1377 1223 siccata

179 1278 377 1351 servanda.

287 1422 424 1518 Species
444 1423 656 1495 entellienies.

551 1815 703 1924 Folia
727 1815 995 1926 Melissae.

287 2079 426 2153 Melissa
446 2079 634 2175 officinalis
653 2078 791 2167 Linn.,·
806 2078 937 2171 planta
955 2078 1142 2170 perennis,
1164 2076 1202 2149 in
1227 2077 1377 2169 Europa

179 2207 334 2279 australi
353 2207 540 2298 indigena,
561 2206 705 2296 passim
724 2206 761 2278 in
782 2206 902 2279 hortis
922 2208 1033 2279 culta.
1056 2205 1237 2278 Labiatae.

288 2351 390 2425 Folia
403 2353 514 2442 longe
529 2350 716 2443 petiolata,
737 2350 810 2422 late
831 2356 944 2453 qvata
963 2352 1023 2424 vel
1039 2350 1276 2439 subeurdata,
1293 2371 1378 2423 cen-

179 2457 326 2550 timetra
345 2479 511 2572 quinque
531 2498 721 2551 summum
748 2476 871 2567 longa,
901 2499 1031 2570 grosse
1052 2484 1379 2566 arenata-serrata,

179 2606 317 2694 tenuia,
347 2627 463 2698 supra
490 2609 654 2678 saturata
685 2604 825 2692 viridia,
855 2606 1079 2697 subrugosa,
1109 2607 1243 2679 subtus
1271 2606 1377 2700 palli·

181 2733 296 2823 diora,
327 2735 488 2827 sparsim
517 2733 641 2825 pilosa
669 2738 705 2805 et
733 2733 876 2805 minute
906 2733 1140 2824 glandulosa,
1169 2755 1284 2806 nervo
1310 2733 1379 2826 pri-

181 2861 298 2933 mario
336 2867 496 2954 utroque
533 2866 660 2934 ternos
700 2865 766 2933 aut
802 2881 916 2933 senos
954 2881 1090 2933 nervos
1135 2861 1378 2933 secundarios

181 2989 379 3078 emittente,
405 2993 507 3080 grate
523 2987 732 3078 citriodora,
749 2987 896 3081 saporis
908 2987 1110 3075 aromatici,
1127 2989 1379 3079 amariuseuti,

181 3114 532 3206 subadsumgentis.

289 3261 393 3333 Folia
412 3260 542 3351 planta
565 3259 786 3333 florescente
817 3260 973 3334 collecta
1001 3267 1038 3333 et
1066 3262 1206 3333 siccata
1230 3260 1268 3332 in
1288 3282 1378 3334 vase

180 3389 274 3459 bene
294 3389 425 3460 clauso
445 3407 494 3459 ne
514 3386 611 3460 ultra
630 3408 774 3460 annum
793 3393 1003 3460 serventur.

288 3533 406 3627 Aqua.
429 3531 534 3627 Aqua
553 3534 744 3605 aromatica
763 3532 964 3628 spirituum.
981 3531 1140 3630 Spiritus
1154 3536 1377 3606 aronaatieua

435 3925 586 4069 italia
609 3927 863 4035 Menthae
893 3930 1123 4071 crispae.

290 4158 429 4258 Mentha
450 4185 566 4281 ertepa
592 4186 715 4259 Linn.
745 4192 780 4259 et
806 4188 901 4259 aliae
921 4189 1161 4261 Menthamm
1180 4189 1380 4261 varietates

183 4313 279 4385 soliis
300 4313 431 4406 crispis
451 4312 490 4386 in
510 4314 628 4387 hortis
649 4317 781 4387 cultae.
805 4312 986 4386 Lautulae.

289 4458 394 4531 Folia
407 4459 625 4531 brevissime
641 4459 819 4552 petiolata
835 4465 900 4531 aut
919 4460 1078 4549 sessilia,
1101 4462 1235 4549 avalia,
1257 4469 1380 4553 ovata,

184 4592 247 4659 aut
268 4586 432 4676 cordata,
453 4586 678 4675 acuminata,
707 4586 876 4679 margine
906 4587 1039 4680 erispa,
1059 4594 1190 4680 argute
1216 4590 1381 4679 dentata,

183 4713 357 4786 dentibus
368 4713 560 4805 productis
572 4713 778 4802 etressexis,
793 4714 1098 4806 nullasu-rugosa
1114 4718 1172 4788 vel
1188 4716 1381 4804 undulata,
