3500 5450
922 556 1136 626 „70..

720 856 917 967 (lortcx
943 859 1168 967 llructus
1194 858 1343 974 ottrt.

779 1067 955 1147 llavedo
979 1067 1144 1146 corticis
1168 1067 1277 1148 Citri.

542 1244 660 1318 Oitrus
679 1243 867 1316 Limonum
888 1245 1041 1334 Riss0,
1070 1244 1183 1317 arbor
1202 1245 1240 1318 in
1259 1245 1478 1338 regionibus
1500 1242 1645 1318 calidis

428 1373 544 1447 totius
565 1373 668 1447 orbis
689 1373 799 1446 culta.
821 1370 1006 1444 Rutaoeae.
1028 1373 1255 1446 Aurantieoe.

535 1501 789 1594 Pericarpium
827 1522 847 1573 e
886 1499 1068 1573 fructibus
1117 1501 1274 1574 maturis
1320 1501 1550 1595 plerumque
1604 1500 1645 1572 in

426 1630 564 1704 taeniis
581 1629 784 1723 spiralibus
799 1628 1010 1702 detractum
1027 1634 1065 1702 et
1079 1629 1262 1702 siccatum
1277 1636 1457 1703 constans
1472 1650 1494 1703 e
1511 1634 1646 1704 strato

427 1757 609 1832 exteriore
618 1756 1016 1849 tuberculalorugosa
1033 1779 1052 1830 e
1068 1757 1249 1830 subfusco
1260 1758 1369 1846 flavo,
1383 1758 1534 1832 lacunis
1553 1757 1646 1830 oleo

427 1887 603 1960 aethereo
632 1883 782 1978 repletis
813 1888 993 1972 scatente,
1029 1884 1247 1973 aromatico,
1286 1884 1487 1959 subamaro
1524 1891 1646 1958 etex

427 2019 546 2087 strato
566 2012 741 2086 interiore
761 2012 980 2105 spongioso,
1007 2014 1103 2102 albo,
1123 2012 1282 2085 inodora
1303 2019 1340 2085 et
1360 2014 1434 2087 lere
1455 2013 1647 2105 insipid0,

428 2143 529 2235 quod
548 2141 819 2214 removendum
840 2146 911 2213 est.

534 2270 644 2366 Aqua
659 2268 905 2341 carminativo.
926 2266 1106 2340 Decedam
1124 2268 1389 2365 Sorsaparillae
1407 2268 1643 2364 conpositum

426 2396 558 2468 mitius
581 2395 740 2492 Spiritus
759 2396 980 2468 aromaticus.

795 2715 993 2825 Cortex
1019 2714 1263 2834 Granatl.

536 2940 674 3013 Punico
696 2939 898 3013 Graaotum
912 2941 1044 3030 Linn,
1061 2940 1173 3014 arbor
1186 2940 1224 3013 in
1240 2940 1390 3015 Oriente
1405 2946 1645 3034 spontanea,

428 3070 466 3142 in
486 3069 638 3163 Europa
656 3069 892 3142 meridionali
913 3068 1023 3141 culta.
1047 3067 1252 3164 Myrtaceae.

535 3197 669 3271 Cortex
690 3198 812 3271 trunci
828 3203 865 3270 et
886 3218 1077 3270 ramorum
1095 3198 1268 3271 siccatus
1288 3197 1427 3271 Frusta
1443 3195 1644 3270 canalicu-

426 3326 502 3398 lata
523 3331 588 3399 aut
607 3326 810 3400 convoluta
828 3346 953 3418 usque
973 3325 1023 3397 ad
1042 3325 1118 3398 duo
1138 3325 1340 3398 decimetra
1358 3322 1483 3416 longa,
1511 3344 1644 3396 unum

424 3452 471 3525 ad
489 3454 564 3526 duo
583 3453 795 3526 millimetra
810 3473 948 3540 crassa,
960 3452 1066 3541 levia,
1076 3452 1232 3544 fragilia,
1248 3452 1286 3524 in
1301 3451 1464 3524 fractura
1479 3451 1643 3543 aequali

423 3579 607 3669 subflava,
628 3581 666 3653 in
684 3581 799 3653 latere
819 3580 1004 3653 exteriore
1028 3580 1233 3671 subgrisea,
1258 3600 1327 3672 per
1351 3577 1644 3671 longitudinem

421 3708 526 3801 rugis
547 3706 736 3781 suberinis
756 3707 910 3781 elevatis
924 3706 1163 3780 ssavo-fuscis
1180 3705 1337 3799 trajecta
1353 3711 1389 3779 el
1403 3706 1642 3799 plerumque

422 3835 627 3929 apotheciis
662 3835 801 3929 parvis,
830 3835 949 3928 nigris
978 3834 1186 3908 residuisve
1216 3833 1321 3906 thalli
1350 3833 1545 3906 lichenum
1578 3831 1641 3904 in·

421 3968 574 4052 structa,
605 3963 643 4035 in
663 3964 777 4036 latere
797 3963 973 4036 interiore
993 3961 1123 4048 laevia,
1153 3963 1254 4034 flava
1280 3966 1345 4034 aut
1372 3959 1642 4048 rubro-fusca,

421 4090 459 4163 in
506 4091 672 4165 sectione
721 4097 944 4164 transversa
992 4090 1064 4163 sub
1111 4091 1212 4162 lente
1259 4088 1367 4162 lineis
1415 4088 1644 4161 tenerrimis

416 4218 619 4292 tessellata.

527 4345 660 4419 Cortex
689 4343 837 4433 radicis,
878 4345 992 4417 etiarn
1022 4343 1272 4431 adhibendus
1310 4341 1462 4435 saepius
1486 4341 1644 4416 mixtus

419 4473 546 4546 cortici
589 4473 712 4547 trunci
749 4492 1019 4565 ramorumque
1066 4472 1104 4544 in
1150 4475 1364 4545 mercatura
1411 4490 1643 4564 occurrens,

417 4600 695 4691 dignoscendus
714 4604 771 4672 est
785 4600 916 4673 frustis
933 4599 1181 4673 communiter
1196 4598 1403 4671 minoribus
1418 4598 1644 4692 subplaniS,

414 4748 493 4801 non
511 4749 599 4801 raro
619 4728 823 4803 recurvatis
842 4733 880 4800 et
899 4727 1097 4820 superficie
1121 4726 1268 4800 interna
1294 4724 1425 4799 assula
1448 4725 1545 4817 ligni
1570 4728 1643 4800 ad·
