3500 5450
912 538 1124 612 ,59-

418 756 712 849 angustioribus:
741 755 944 829 linearibus
973 756 1030 828 vel
1061 756 1361 844 cuneiformibus,
1391 753 1532 828 ciliatis
1571 754 1644 822 aut

419 884 598 977 crispatis
619 884 859 977 cystocarpiis
874 883 1204 977 haemisphaericis
1218 883 1364 956 adnatis
1380 888 1447 955 aut
1462 876 1642 953 clavatis

419 1012 538 1104 magis
552 1013 862 1105 prominentibus
879 1012 1128 1102 cartilaginem
1143 1011 1271 1103 rigido,
1286 1032 1386 1103 aqua
1401 1010 1642 1083 humectato

419 1139 817 1230 gelatinosocarnoso,
836 1139 990 1228 lubrico,
1012 1139 1146 1212 coloris
1166 1138 1410 1226 flavescentis,
1430 1135 1641 1209 interdum

419 1289 438 1338 e
458 1268 556 1339 ssavo
577 1267 821 1355 rubescentis
841 1266 989 1359 saporis
1009 1265 1279 1358 mucilaginosi.

528 1395 622 1468 Cum
655 1416 756 1486 aqua
793 1400 941 1466 coctum
961 1393 1197 1484 Carraghecn
1225 1392 1407 1485 liquorem
1431 1388 1642 1479 mucilagi-

418 1543 555 1594 nosum
570 1522 733 1614 praebet,
749 1520 811 1613 qui
822 1521 915 1593 satis
926 1525 1190 1593 concentratus
1199 1525 1287 1612 post
1302 1519 1639 1612 refrigerationem

418 1649 457 1720 in
476 1648 677 1740 gelatinam
697 1648 780 1720 coit.

840 2059 1205 2205 Caryophylli.

534 2285 788 2381 Carpopkyllua
828 2286 1042 2357 aromaticus
1080 2286 1225 2373 Linn,
1263 2285 1373 2357 arhor
1409 2285 1448 2356 in
1488 2282 1640 2356 insulis

420 2413 597 2486 Moluccis
623 2414 810 2505 indigena,
839 2435 941 2485 nunc
970 2413 1066 2485 inter
1095 2413 1257 2505 tropicos
1278 2414 1353 2485 sere
1373 2411 1488 2484 totius
1522 2410 1637 2483 orbis

421 2541 530 2613 culta,
550 2539 757 2637 Myrtoccoc.

529 2669 657 2742 Flores
673 2668 885 2761 inexplicati
896 2668 1034 2758 siccati,
1051 2668 1260 2761 hypanthio
1272 2665 1637 2761 compressiusculo,

424 2796 591 2869 obsoleta
616 2799 824 2888 tetragono,
859 2796 1033 2870 deorsum
1055 2801 1265 2882 attenuat0‚
1299 2796 1429 2868 decem
1449 2798 1498 2869 ad
1520 2795 1638 2888 quin-

422 2923 542 2994 decim
575 2922 787 2996 millimetra
815 2924 938 3016 longo
973 2924 1022 2996 ad
1046 2929 1209 3015 quatuor
1236 2923 1445 2996 rnillimetra
1478 2944 1636 3008 crasso,

424 3049 541 3123 dense
563 3051 733 3123 minutim
752 3073 903 3143 rugoso,
925 3052 1059 3124 coloris
1078 3051 1288 3142 ferruginei,
1316 3050 1461 3123 laciniis
1482 3051 1634 3141 calycis

424 3182 586 3269 quatuor
605 3178 738 3266 oratis,
759 3179 944 3268 concavis
969 3179 1196 3271 patentibus
1216 3178 1343 3270 rigidis
1363 3182 1559 3264 coronato,
1593 3177 1632 3249 in

423 3305 617 3397 superiore
637 3310 742 3397 parte
763 3327 916 3396 germen
936 3305 1139 3378 biloculare
1160 3307 1321 3392 fovente,
1350 3306 1489 3378 corolla
1510 3310 1631 3377 tetra-

419 3431 547 3524 petala
567 3432 706 3520 clausa,
727 3433 860 3524 petatis
880 3433 1168 3506 cohaerentibus
1189 3434 1228 3506 iu
1246 3435 1408 3506 formam
1427 3433 1630 3525 calyptrae

420 3559 861 3651 rotundato-tetragonae
884 3560 1019 3632 coloris
1040 3558 1299 3650 fluvido-tusci,
1330 3560 1493 3633 stamina
1511 3560 1628 3653 plura

421 3690 457 3757 et
476 3687 616 3777 stylum
637 3686 855 3759 subulatum
886 3689 1098 3780 operientia,
1130 3687 1254 3760 odoris
1278 3693 1382 3779 grate
1413 3688 1626 3776 aromatici,

423 3813 571 3904 saporis
583 3812 691 3904 acriS,
704 3814 907 3887 aromatici.
930 3815 1022 3886 Tela
1036 3815 1230 3907 periferica
1244 3814 1435 3907 hypauthii
1454 3815 1627 3887 ostendit

420 3939 458 4010 in
474 3938 641 4011 sectione
657 3944 878 4013 transversa
894 3946 960 4013 aut.
973 3942 1233 4033 longitudinali
1244 3941 1317 4014 sub
1328 3942 1427 4014 lente
1438 3964 1626 4015 cavernas

422 4059 775 4160 amplas'copiosas,
797 4070 881 4142 oleo
901 4069 1075 4142 aethereo
1095 4071 1268 4161 repletas.

531 4194 612 4267 Sint
640 4195 879 4288 Caryophylii
908 4196 1122 4288 ponderosi,
1157 4197 1299 4288 integri,
1333 4197 1468 4270 coloris
1504 4219 1627 4290 supra

422 4322 613 4413 descripti,
652 4321 779 4395 odoris
819 4329 855 4395 et
894 4324 1044 4415 saporis
1084 4324 1336 4413 vehementiS,
1384 4325 1457 4397 triti
1496 4325 1626 4399 oleum

423 4449 639 4522 aethereum
660 4448 852 4522 sudantes.

531 4596 671 4667 Acetum
692 4596 930 4669 aromaticum.
956 4599 1062 4693 Aqua
1082 4600 1272 4670 aromatico
1299 4598 1505 4693 spirituoso.
1527 4598 1627 4671 Elec·

423 4724 578 4797 tuorium
598 4723 838 4796 aromaticum.
