3500 5450
664 612 707 621 —
745 559 816 642 let
849 615 895 624 -—

290 787 434 859 Solutio
461 809 608 879 aquosa
637 788 749 878 guttis
778 788 921 879 aliquot
948 787 1032 857 ferri
1053 784 1219 857 sullurici
1239 791 1275 858 et
1296 806 1378 857 ses·

180 913 404 1006 quichlorati
424 914 560 986 additis
582 920 618 988 et
637 914 758 987 uatrio
778 914 1064 1006 hydrooxydato
1084 912 1243 985 alcalina
1270 913 1377 1000 facta,

180 1041 333 1115 demum
360 1042 463 1114 brevi
497 1041 677 1114 calefacta
709 1046 746 1114 et
771 1042 878 1113 acido
912 1041 1195 1132 lrydrochlorico
1229 1041 1379 1112 abunde

180 1173 360 1257 saturata,
381 1170 544 1242 colorem
564 1169 776 1242 caeruleum
794 1189 842 1241 ne
863 1168 985 1241 ducat.

423 1564 666 1673 Natriuru
693 1563 1128 1708 plrosplroriouru.

292 1808 395 1880 Sistit
419 1808 600 1900 prismata
621 1812 827 1898 tetragona,
853 1806 1050 1898 pellucida,
1080 1807 1151 1880 cito
1172 1807 1381 1880 fatiscentia
1420 1878 1421 1883 a

181 1934 383 2008 reactionis
413 1936 603 2024 alcaliuae‚
629 1934 666 2007 in
695 1956 795 2028 aqua
820 1933 964 2026 frigida,
1000 1934 1144 2007 facilius
1170 1935 1208 2006 in
1241 1935 1382 2008 fervida

180 2063 373 2149 solubilia;
407 2065 599 2135 flammam
627 2062 750 2134 colore
770 2062 868 2134 flavo
888 2062 1046 2153 tingunt.
1075 2061 1217 2135 Solutio
1238 2084 1383 2154 aquosa

183 2189 298 2281 baryo
319 2189 486 2262 chlorato
519 2189 664 2280 adjecto
697 2188 984 2282 praecipitatum
1014 2189 1140 2261 album
1170 2189 1255 2277 edit,
1281 2191 1381 2282 quod

182 2316 309 2389 addito
341 2317 448 2389 acido
482 2316 767 2408 hydroclrlorico
794 2337 841 2389 ex
868 2315 1011 2408 integro
1051 2316 1194 2409 absque
1232 2317 1381 2389 efferue-

184 2444 328 2517 scentia
366 2443 533 2516 solvitur.
574 2443 691 2516 Simili
734 2445 847 2517 modo
876 2465 918 2515 se
938 2442 1078 2517 habeat
1097 2441 1383 2536 praecipitatum

182 2571 322 2643 flavum
342 2575 495 2662 argento
515 2570 645 2645 uitrico
666 2572 838 2646 effectum
855 2577 1033 2663 reagente
1055 2570 1162 2643 acido
1181 2570 1326 2645 uitrico.

292 2697 434 2772 Solulio
463 2720 608 2792 aquosa
637 2699 743 2773 acido
771 2698 905 2772 uitrico
940 2698 1138 2788 acidulata,
1175 2719 1245 2772 nec
1283 2720 1383 2791 aqua

183 2825 488 2917 lrydrosulfurata
508 2833 671 2901 mutetur
704 2832 741 2899 et
769 2826 961 2899 ammonia
990 2829 1281 2918 supersuturam,
1315 2847 1384 2899 nec

183 2954 373 3025 ammonio
415 2954 597 3028 sulfurato
635 2976 704 3027 nec
739 2954 929 3027 ammonio
963 2954 1108 3026 oxalico
1147 2951 1231 3043 plus
1270 2974 1384 3046 quam

184 3080 342 3172 vestigia
360 3081 592 3174 praecipitati
613 3082 708 3155 edat.

292 3205 335 3279 Iu
364 3213 547 3299 apparatu
576 3207 728 3283 Marslrii
757 3213 941 3282 tentatum
969 3228 1016 3280 ne
1051 3206 1209 3299 vestigia
1242 3203 1384 3299 speculi

184 3334 343 3407 arsenici
363 3335 549 3407 exhibeat.

470 3725 712 3836 Natriuur
740 3726 1092 3869 salioyliouur.

293 3969 419 4041 Pulvis
439 3970 688 4062 crystallinus,
720 3969 948 4058 albissimus7
975 3968 1167 4056 inodoruS,
1188 3966 1337 4059 saporis
1365 3989 1385 4039 e

187 4097 281 4169 dulci
299 4096 400 4183 salsi,
419 4096 589 4170 facillime
609 4099 647 4170 in
663 4119 774 4191 aqua,
789 4097 896 4170 facile
911 4097 950 4168 iu
965 4096 1096 4187 spiritu
1112 4095 1187 4166 vini
1201 4093 1383 4166 solubilis

293 4223 335 4295 ln
356 4223 480 4296 catino
500 4225 738 4316 porcellaneo
758 4225 982 4298 fervefactus
998 4242 1161 4314 vapores
1177 4219 1385 4313 phenolum

191 4351 400 4424 redolentes
434 4352 576 4439 emittit,
617 4353 731 4425 carbo
758 4351 932 4424 residuus
968 4348 1084 4421 acidis
1111 4348 1319 4421 effervescit
1351 4352 1387 4420 et

187 4482 377 4549 flammam
424 4479 524 4551 flavo
572 4478 696 4552 colore
742 4478 858 4569 tingit.
907 4475 1051 4549 Solutio
1094 4497 1241 4568 aquosa
1288 4474 1385 4547 ferro

188 4605 486 4698 sesquichlorato
498 4605 673 4693 colorem,
687 4606 718 4677 si
733 4609 792 4679 est
804 4607 1055 4688 concentrata,
1067 4622 1087 4675 e
1097 4602 1212 4675 rubro
1227 4601 1385 4690 fuscum,

187 4734 218 4804 si
239 4738 294 4805 est
312 4734 423 4805 valde
443 4732 570 4820 diluta,
592 4733 802 4805 violaceum
821 4730 954 4801 induit.
