3500 5450
903 573 1111 646 -100-

520 788 861 878 Effervescentiam,
883 790 1076 883 quaejam
1101 791 1269 865 nascitur
1292 789 1458 880 nimiam,
1480 787 1619 863 addita

411 916 545 1007 exigua
566 916 774 1009 quantitate
793 917 948 1011 spiritus
967 918 1043 990 vini
1062 924 1241 1011 tempera.

517 1043 721 1116 Reactione
740 1049 893 1136 peracta
907 1045 1099 1118 cucurbita
1115 1066 1214 1139 aqua
1226 1046 1392 1119 bullienti
1407 1045 1618 1139 impleatur

410 1177 446 1246 et
459 1173 588 1245 leviter
601 1177 701 1244 tecta
719 1178 935 1265 seponatur,
950 1173 1070 1247 donec
1084 1174 1370 1267 praecipitatum
1384 1171 1617 1247 subsederit.

411 1299 494 1387 Quo
510 1300 608 1371 sacto
622 1299 804 1390 liquidum
818 1305 1071 1392 supernatans
1088 1300 1261 1392 siphonis
1272 1322 1343 1392 ope
1355 1299 1617 1384 abstrabatur,

410 1427 603 1501 cucurbita
640 1448 773 1500 rursus
803 1450 903 1520 aqua
940 1428 1107 1502 bullienti
1146 1429 1355 1521 impleatur,
1399 1428 1616 1501 sedimento

410 1555 582 1647 deposito
602 1555 786 1647 liquidum
806 1557 931 1630 denuo
948 1557 1198 1630 abstrahatur.
1227 1555 1270 1629 Id
1285 1556 1426 1629 tamdiu
1441 1556 1615 1642 iteretur,

411 1684 531 1755 donec
551 1704 650 1775 aqua
668 1683 802 1756 lotoria
819 1683 936 1775 baryo
956 1684 1088 1756 nitrien
1109 1685 1167 1756 rix
1187 1684 1369 1758 turbetur.

519 1809 776 1883 Sedimentum
795 1810 909 1883 linteo
929 1811 1124 1885 collectum
1145 1832 1216 1902 ope
1225 1812 1319 1904 preli
1329 1810 1531 1883 fortissime
1544 1831 1614 1882 ex-

408 1939 601 2033 primatur,
622 1938 774 2011 demum
794 1959 880 2011 cum

547 2062 717 2141 bacolan
737 2063 919 2164 pullenti
950 2065 1121 2162 promeris
1139 2063 1293 2137 ducentis
1526 2065 1614 2137 200

410 2195 567 2268 mixtum
586 2194 625 2266 in
644 2194 779 2265 balneo
800 2214 921 2286 aquae
941 2194 1106 2267 celeriter
1126 2194 1285 2267 siccetur
1300 2193 1386 2265 etin
1402 2215 1493 2266 vase
1508 2180 1615 2265 bene

410 2323 537 2396 clauso
558 2326 738 2393 servetur.

517 2448 646 2523 Pulvis
679 2450 727 2522 sit
761 2448 896 2521 coloris
925 2468 945 2520 e
972 2448 1077 2522 viridi
1110 2448 1257 2539 cinerei,
1292 2447 1438 2542 saporis
1473 2445 1614 2534 dulcis,

408 2577 617 2670 ferruginei,
628 2576 666 2648 in
677 2576 783 2648 acido
795 2575 1079 2667 hydrochlorico
1090 2576 1330 2650 vehementer
1340 2576 1614 2658 effervescens;

409 2706 575 2779 solvatur
593 2704 631 2777 in
649 2703 833 2797 liquorem
853 2725 899 2777 ex
918 2704 1024 2777 viridi
1047 2705 1197 2796 flavum,
1220 2703 1283 2797 qui
1299 2726 1398 2796 aqua
1413 2700 1616 2793 hydrosul·

408 2834 530 2906 furata
548 2854 617 2905 nec
637 2832 822 2906 coloretur
849 2854 919 2906 nec
947 2833 1233 2925 praecipitatum
1266 2831 1440 2923 deponat.
1462 2829 1614 2902 Solutio

407 2981 563 3052 aquosa,
575 2958 683 3032 acido
698 2959 982 3051 hydrochlorico
997 2961 1141 3053 neptus
1153 2980 1267 3051 quam
1277 2979 1374 3051 opus
1390 2963 1448 3031 est
1462 2957 1615 3045 effecta,

406 3087 524 3180 baryo
543 3088 675 3160 uitrico
694 3108 743 3160 ne
762 3087 889 3158 statim
908 3088 1087 3160 turbetur.

517 3215 696 3287 Gramma
714 3235 834 3286 unum
858 3215 1070 3307 praeparati
1090 3214 1127 3286 in
1147 3216 1270 3288 catino
1294 3212 1436 3286 iteratis
1459 3211 1615 3284 vicibus

407 3341 514 3413 acido
534 3341 665 3414 nitrico
694 3342 952 3414 humectatum
985 3346 1021 3414 et
1054 3338 1314 3414 candefactum
1333 3340 1541 3428 residuum,
1566 3360 1618 3411 ex

407 3467 505 3541 ferro
520 3467 682 3560 oxydato
698 3474 891 3557 constans,
908 3469 1105 3561 relinquat,
1121 3468 1228 3561 cujus
1242 3467 1393 3560 pondus
1409 3466 1617 3540 minimum

407 3595 457 3669 sit
475 3597 565 3671 OQ
586 3602 847 3690 grammatum.

517 3724 558 3797 In
597 3731 782 3818 apparatu
820 3723 976 3796 Marslrii
1016 3722 1272 3796 examinatum
1309 3742 1357 3794 ne
1405 3721 1620 3814 vestigium

408 3850 560 3944 quidem
581 3853 723 3944 speculi
743 3850 903 3925 arsenici
922 3851 1114 3944 praebeat.

541 4246 766 4356 llerrum
794 4247 1037 4355 citricum
1063 4248 1463 4355 ammoniatam.

515 4471 704 4544 Lamellae
739 4493 783 4544 ex
817 4472 925 4544 fusco
954 4471 1099 4559 rubrae,
1128 4471 1279 4559 nitidae,
1314 4470 1536 4563 amorphae‚
1574 4472 1619 4544 in

407 4621 507 4691 aqua
543 4599 678 4690 frigida
714 4599 822 4671 facile
861 4598 1053 4672 solubiles.
1093 4598 1236 4672 Solutio
1284 4598 1481 4691 coquendo
1530 4619 1618 4670 non

406 4728 589 4815 turbatur,
627 4747 713 4799 cum
753 4726 941 4799 solutione
978 4726 1066 4798 kalii
1086 4726 1371 4818 hydrooxydati‚
1404 4746 1482 4799 non
1517 4747 1615 4797 verr
