3500 5450
653 548 869 620 ,19-

271 762 436 837 Miscella
465 768 538 837 stet
571 765 655 838 loco
680 765 811 857 frigido
832 786 899 856 per
917 766 1047 858 viginti
1067 772 1227 861 quatuor
1246 769 1360 843 boras

163 890 314 982 saepius
341 890 536 982 agitando,
568 897 649 965 tum
680 893 762 967 cola
788 899 824 966 et
849 894 1022 988 exprime,
1055 896 1144 988 quin
1169 897 1360 970 residuum

164 1017 279 1090 eluas
310 1017 525 1091 Colaturam
545 1020 652 1092 filtra.

270 1146 410 1239 Liquor
428 1146 604 1221 obtentus
620 1148 673 1255 'sit
690 1148 878 1242 limpidus,
891 1149 1027 1222 coloris
1049 1171 1193 1242 expers,
1213 1151 1360 1243 saporis

164 1277 442 1367 adstringentis,
465 1276 670 1365 subdulcis,
691 1278 890 1351 reactionis
910 1277 1050 1368 acidae,
1069 1278 1199 1350 leviter
1214 1277 1362 1350 acidum

164 1404 345 1476 aceticum
371 1403 558 1493 redolens,
589 1407 766 1498 ponderis
795 1406 956 1499 specifici
985 1406 1288 1479 tull-tulo.
1318 1406 1360 1478 ln

161 1531 298 1604 balneo
319 1554 438 1625 aquae
463 1533 696 1623 fervefactus,
717 1540 823 1627 parte
843 1533 1156 1629 quinquagesima
1180 1533 1266 1605 kalii
1286 1535 1359 1605 sul·

162 1659 266 1732 furici
293 1659 438 1749 addita,
470 1662 703 1754 coagulatur,
732 1663 970 1754 refrigeratus
1002 1660 1106 1733 brevi
1130 1667 1296 1753 tempore
1321 1662 1359 1733 in

162 1789 344 1880 liquorem
364 1788 560 1882 limpidum
578 1791 784 1864 revertitur.

277 1914 370 1987 Cum
391 1916 528 2009 duplici
547 1919 737 1991 volumine
756 1918 907 2013 spiritus
928 1918 1001 1991 vini
1022 1918 1249 1990 concentrati
1269 1919 1359 1990 mix-

162 2047 225 2113 tus
260 2043 411 2115 nonnisi
451 2046 657 2137 opaleseat,
690 2067 737 2119 ne
772 2068 859 2120 vero
895 2044 1146 2118 sedimeutum
1179 2045 1356 2137 deponat.

161 2167 271 2261 Aqua
289 2170 592 2261 lrydrosulfurata
610 2194 657 2246 ne
676 2179 849 2247 mutetur.

272 2297 445 2372 Continet
453 2299 491 2371 in
506 2305 656 2373 eentum
671 2301 839 2393 partibus
855 2304 981 2393 partes
998 2300 1138 2372 circiter
1153 2300 1176 2371 8
1193 2299 1358 2371 aluminii

161 2426 373 2498 subacetici.

413 2841 736 2951 lllumiuiurn
765 2842 1100 2951 sulfuriounr.

267 3065 403 3138 Frusta
429 3067 655 3159 crystallina,
686 3066 782 3155 alba,
803 3068 842 3139 in
862 3088 962 3160 aqua
980 3066 1114 3158 frigida
1132 3067 1250 3153 facile,
1270 3067 1357 3139 faci·

158 3192 229 3264 lius
248 3193 287 3265 in
306 3193 450 3267 fervida
468 3194 651 3283 solubilia,
672 3196 709 3266 in
729 3195 862 3287 spiritu
882 3196 959 3268 vini
976 3217 1054 3268 non
1074 3195 1283 3268 solvuntur.

268 3321 411 3394 Salutio
428 3343 583 3415 aquosa,
603 3322 802 3395 reactionis
820 3322 1000 3412 aridulae,
1022 3328 1079 3395 est
1098 3322 1244 3414 saporis
1261 3321 1356 3394 acidi

158 3449 459 3541 constringentis3
480 3449 605 3522 addito
624 3449 722 3522 kalio
737 3449 1021 3542 lrydrooxydato
1042 3449 1199 3523 eflicitur
1216 3449 1356 3541 praeei-

158 3578 318 3670 pitatum
333 3577 471 3665 album,
487 3576 749 3668 gelatinosum
766 3577 868 3671 quod
889 3577 1088 3650 excedente
1103 3577 1201 3649 kalio
1222 3577 1356 3668 hydro-

159 3704 321 3796 oxydato
341 3704 492 3797 limpide
508 3704 680 3792 solvitur;
702 3705 838 3778 solutio
854 3705 959 3796 barri
973 3705 1091 3778 nitrici
1107 3705 1356 3778 sedimentum

158 3832 314 3925 praebet
333 3832 469 3921 album,
489 3833 528 3904 in
548 3832 663 3904 acidis
684 3832 891 3905 insolubile.

266 3958 377 4052 Aqua
411 3958 726 4050 hydrosulfurata,
763 3959 941 4031 solutioni
975 3957 1152 4030 Aluminii
1190 3960 1354 4032 sulfun'ci

159 4085 333 4174 admixta,
347 4106 395 4157 ne
411 4084 597 4158 coloretur
615 4106 709 4159 neve
729 4087 907 4175 turbetur,
927 4085 1118 4158 ammonia
1138 4085 1353 4159 abundante

159 4212 298 4301 addita,
313 4213 599 4306 praecipitatum
618 4213 704 4286 inde
727 4220 851 4287 ortum
870 4216 918 4287 sit
937 4215 1070 4287 coloris
1091 4234 1194 4285 mere
1214 4213 1296 4285 albi.

268 4338 410 4412 Solutio
426 4362 572 4434 aquosa
588 4361 674 4412 cum
689 4340 874 4415 solutione
889 4342 976 4413 kalii
990 4341 1225 4432 ferrieyanati
1244 4363 1352 4432 prae·

159 4467 350 4561 cipitatum
369 4467 583 4540 caeruleum
601 4488 648 4539 ne
670 4467 766 4557 edat,
782 4489 918 4561 neque,
940 4467 1130 4540 ammonia
1150 4469 1352 4541 excedente

158 4593 296 4680 addita,
325 4593 507 4686 liquorem
534 4594 732 4686 praebeat»,
758 4594 820 4687 qui
850 4596 1103 4669 asedimento
1124 4595 1211 4668 inde
1241 4602 1352 4668 cnato

157 4720 355 4794 tiltratione
376 4725 583 4814 separatus
605 4722 795 4793 ammonio
815 4721 999 4794 sulfurato
1020 4723 1197 4795 turbetur.

1136 4859 1172 4914 2*
