3500 5450
273 1477 547 1607 Normae
582 1488 643 1607 el
674 1479 932 1648 regulae
966 1480 1316 1648 generales,

745 2008 786 2190 a.
813 2100 846 2171 1.

307 2260 552 2333 Medicamina
574 2260 613 2332 in
631 2261 974 2354 pharmacopoeam
987 2265 1137 2353 recepta
1162 2259 1200 2331 in
1220 2258 1395 2331 omnibus

197 2388 513 2481 pharmacopoliis
553 2411 598 2461 ea
634 2389 758 2462 indole
796 2394 949 2482 praesto
989 2410 1076 2462 esse
1115 2390 1152 2459 et
1189 2385 1396 2479 dispensari

200 2516 346 2604 debent,
379 2538 453 2608 qua
477 2516 619 2591 normis
647 2516 685 2589 in
705 2516 1009 2609 pharmacopoea
1038 2515 1217 2609 expositis
1246 2514 1395 2607 penitus

197 2643 439 2736 respondent.

304 2770 452 2863 Imperii
490 2772 743 2863 gubernacula
788 2772 826 2844 in
872 2773 996 2865 regnis
1034 2778 1147 2865 atque
1193 2771 1394 2864 provinciis

196 2898 427 2972 Tenentibus
464 2899 629 2973 delatum
659 2904 728 2989 est,
766 2901 910 2973 ratione
938 2900 1066 2973 habita
1094 2900 1329 2973 restrictioris
1356 2898 1395 2970 in
1456 2987 1459 2998 Ι

195 3027 512 3119 pharmacopoliis
532 3028 719 3101 ruralibus
740 3028 961 3117 commercii,
983 3048 1028 3100 ex
1049 3028 1204 3101 elencho
1218 3027 1393 3121 pharma-

197 3176 360 3248 copoeae
369 3156 529 3229 indicem
543 3157 829 3229 medicaminum
844 3156 895 3229 ibi
909 3156 1148 3230 usitatiorum
1160 3177 1394 3249 componere,

197 3285 352 3377 quaein
372 3284 555 3376 ejusmodi
579 3286 896 3379 pharmacopoliis
917 3285 1019 3360 omui
1048 3291 1214 3378 tempore
1242 3288 1395 3378 praesto

197 3435 279 3487 esse
300 3413 449 3487 debent.

748 3628 784 3732 §-
810 3631 846 3705 a.

303 3794 542 3888 Praeponam,
577 3817 738 3888 quorum
771 3796 935 3869 lorrnula
962 3796 1120 3888 parandi
1151 3796 1189 3867 in
1222 3795 1395 3887 pharma-

196 3944 339 4015 copoea
359 3923 528 4015 exposita
554 3929 620 4013 est,
650 3923 801 3996 nonnisi
831 3923 1041 3997 secundum
1070 3924 1168 3995 lianc
1197 3923 1396 3995 formulam

196 4070 327 4142 parare
347 4071 390 4123 ac
406 4049 625 4143 dispensare
645 4050 740 4125 licet.

754 4263 789 4367 a.
813 4271 846 4342 a.

304 4430 561 4522 Medicamina,
607 4454 703 4525 quae
737 4433 776 4505 in
807 4434 1154 4527 pharmacopoeam
1191 4456 1269 4507 non
1307 4440 1396 4506 sunt

196 4563 346 4651 recepta
365 4563 531 4631 attamen
549 4560 694 4652 passim
720 4557 919 4634 amedicis
947 4562 1150 4653 praescribi
1179 4568 1216 4636 et
1244 4562 1331 4635 hinc
1358 4562 1396 4634 in

195 4685 510 4779 pharmacopoliis
530 4690 682 4779 praesto
704 4708 790 4759 esse
810 4687 946 4774 solent,
976 4688 1137 4780 optimae
1165 4689 1301 4762 indolis
1326 4710 1396 4762 nec
