3500 5450
654 555 899 630 -155-

183 772 348 845 solvitur.
364 772 574 846 Caletactus
589 772 770 866 liquescit,
783 773 1076 864 decomponitur,
1092 794 1250 865 vapores
1266 772 1378 845 viola·

184 920 271 971 ceos
287 898 367 990 jodi
387 900 570 989 emittens
590 900 784 974 residuum
803 900 1002 973 alcalinum
1023 922 1070 974 ne
1089 900 1286 992 relinquat.

293 1027 388 1099 Cum
403 1049 502 1119 aqua
517 1027 704 1100 destillata
723 1032 937 1120 quassatus,
956 1026 1078 1119 liquor
1096 1027 1294 1100 filtratione
1315 1028 1379 1099 ob-

184 1159 310 1228 tentus
329 1176 399 1228 nec
419 1160 574 1245 argento
594 1155 735 1244 uitrico,
755 1176 825 1227 nec
845 1155 960 1245 baryo
981 1155 1111 1227 uitrico
1132 1159 1305 1227 mutetur.

293 1283 468 1357 Servetur
487 1305 577 1356 vase
598 1285 716 1356 vitreo
736 1285 874 1377 optime
895 1284 1035 1357 clausu.

608 1611 944 1722 dodum.

295 1831 464 1924 Crystalli
478 1831 756 1920 rhomboideae,
772 1833 991 1924 plerumque
1015 1832 1235 1918 lamellareS,
1255 1830 1382 1902 metal-

184 1960 253 2033 lice
274 1960 526 2052 splendentes,
548 1960 682 2032 coloris
704 1982 722 2031 e
749 1960 855 2051 nigro
881 1960 1000 2049 grisei,
1028 1959 1154 2031 odoris
1174 1957 1381 2051 peculiaris.

185 2088 222 2159 in
243 2110 342 2179 aqua
360 2109 503 2180 parum,
533 2087 572 2159 in
591 2087 722 2179 spiritu
750 2087 824 2158 vini
854 2092 891 2159 et
919 2086 1068 2160 aethere
1087 2087 1230 2159 facilius
1260 2085 1382 2156 colore

185 2215 302 2302 lusco,
332 2215 371 2286 in
405 2214 666 2287 chlorolormio
688 2215 810 2286 colore
836 2235 1025 2306 purpureo
1056 2214 1246 2286 solubiles.
1283 2213 1383 2283 Cale-

185 2344 304 2415 lactae
323 2343 537 2435 liquescunt
552 2347 588 2416 et
602 2363 760 2434 vapores
776 2343 962 2414 violaceos
978 2343 1217 2414 efformantes
1232 2340 1382 2433 penitus

186 2472 349 2544 avolant.

294 2597 436 2670 Solutio
446 2596 530 2670 Jodi
547 2618 701 2689 aquosa,
714 2617 800 2669 cum
813 2596 934 2669 nutrio
946 2596 1229 2689 lrydrooxydato
1245 2595 1384 2669 admix-

187 2727 234 2799 tis
268 2727 382 2818 guttis
416 2726 558 2817 aliquot
589 2725 674 2797 terri
708 2725 872 2799 sulfurici
912 2730 948 2797 et
975 2725 1060 2797 ferri
1099 2724 1383 2817 sesquichlorati

188 2853 301 2926 soluti
339 2853 385 2925 ad
426 2852 678 2927 ebullitionem
713 2853 891 2925 calefacta
923 2858 960 2924 et
997 2858 1077 2925 tum
1111 2852 1219 2926 acido
1247 2852 1383 2944 hydro-

189 2980 350 3053 chlorico
366 2981 561 3069 acidulata,
578 2980 739 3052 colorem
760 2979 972 3052 caeruleum
992 3001 1038 3051 ne
1054 2980 1184 3053 induat
1203 2985 1268 3053 aut
1287 2977 1384 3070 ejus·

188 3108 290 3180 modi
305 3109 554 3180 sedimentum
570 3108 742 3199 deponat.
759 3107 900 3179 Eadem
916 3107 1064 3195 solutio
1081 3108 1303 3180 ammonias
1329 3112 1385 3180 tu·

188 3241 269 3309 rata
295 3240 331 3308 et
356 3241 509 3325 argento
529 3235 659 3307 nitrico
689 3235 940 3327 praecipitata,
974 3235 1157 3325 liquorem
1190 3235 1387 3308 filtratione

189 3363 376 3455 praebeat,
406 3363 470 3454 qui
495 3363 602 3434 acido
628 3362 757 3434 uitrico
778 3362 998 3447 acidulatus,
1035 3361 1205 3435 turbidus
1239 3362 1389 3433 nonnisi

190 3493 335 3580 evadat,
356 3512 403 3563 ne
423 3511 512 3563 vero
532 3490 815 3584 maecipitatum
835 3512 1035 3563 caseosum
1057 3491 1231 3582 deponat.

266 3662 269 3667 ·
300 3619 408 3706 Cave,
429 3640 476 3691 ne
498 3618 634 3690 Jodum
655 3638 755 3709 aqua
773 3619 958 3691 imbutum
979 3640 1093 3690 emas

302 3747 481 3819 linctum.
507 3744 669 3843 Syrticus
690 3744 793 3818 Ferri
801 3745 933 3841 jodutl.

398 4085 610 4194 llalium
637 4088 902 4193 scoticum
929 4085 1177 4193 solutum.

561 4296 713 4399 Liquor
737 4296 844 4375 Kalii
868 4297 1022 4375 acetici.

192 4476 290 4567 Rpe:
329 4469 426 4548 Rulli
446 4470 631 4550 sarbonici
651 4470 735 4571 puri
789 4481 990 4570 qrammutu
1009 4473 1230 4568 septuaqiulo
1341 4473 1390 4544 70

192 4623 333 4672 seusun
353 4620 480 4691 lugere
500 4622 538 4671 ln

301 4726 401 4805 Acilii
422 4725 549 4803 scotici
570 4723 678 4803 diluti
735 4732 937 4821 yrarmuuto
958 4733 1115 4799 trecento.
1313 4727 1390 4797 300
