3500 5450
608 574 825 646 „59-

121 791 270 865 cellulae
287 791 666 883 solerenchymaticae
682 798 906 885 aggregatae
916 814 1085 885 vasaque
1101 792 1269 867 laetifera
1283 792 1321 865 in

120 919 405 1013 parenchyrnate
425 919 524 993 foelo
543 920 681 1013 partim
701 920 824 1011 amylo
846 921 1066 1013 compositu,
1083 921 1219 1013 partim
1239 943 1317 1014 ery-

120 1047 237 1121 stallis
258 1047 362 1122 calcii
382 1047 515 1121 oxalici
536 1048 704 1123 stellatis.
726 1048 880 1142 Saporis
901 1052 958 1121 est
973 1052 1097 1120 cortex
1115 1048 1318 1121 subamari.

448 1278 644 1389 Cortex
670 1279 1001 1421 llronguloe.

227 1465 415 1539 Rhamma
432 1467 617 1564 Frangulo
636 1468 781 1561 Linn„
801 1467 923 1541 frutex
943 1467 1155 1560 indigenus
1188 1465 1318 1539 Rhom-

121 1618 252 1668 naoeaa

225 1724 361 1797 Cortex
380 1744 571 1796 ramorum
597 1724 758 1797 siccatus
777 1723 816 1796 in
835 1722 936 1796 tubis
957 1723 1005 1795 ad
1024 1722 1095 1795 tria
1115 1722 1318 1796 decimetra

120 1850 252 1942 longis
278 1850 421 1923 circiter
439 1871 559 1923 unum
583 1850 835 1925 millimetrum
861 1850 1013 1939 crassis,
1037 1849 1195 1937 levibus
1222 1850 1317 1941 peri·

119 1979 283 2052 dermate
293 1977 400 2050 facile
410 1977 618 2070 separabili,
635 1977 867 2050 extrinsecus
878 1978 1014 2051 coloris
1031 1999 1050 2050 e
1066 1975 1315 2069 griseo-fusci,

118 2106 317 2194 subnitid0‚
336 2102 523 2177 subtiliter
541 2125 607 2196 per
625 2104 897 2196 longitudinem
911 2126 1050 2197 rugoso
1070 2109 1107 2176 et
1122 2103 1317 2177 lenlicellis

119 2232 262 2322 albidis,
300 2233 520 2326 plerumque
558 2236 772 2305 transverse
810 2233 992 2325 porrectis
1036 2231 1239 2319 instructis
1278 2230 1316 2301 in
1403 2305 1405 2307 ,

119 2360 314 2454 superficie
338 2359 486 2432 interna
512 2357 691 2446 laevinus,
730 2380 750 2431 e
777 2359 892 2431 rubro
921 2358 1046 2447 fuscis,
1086 2358 1123 2429 in
1152 2356 1316 2429 fractura

121 2487 324 2575 tenacibus
344 2485 503 2574 fibrosis,
525 2484 641 2574 ssavis
662 2485 702 2558 in
716 2485 881 2558 sectione
896 2490 1112 2558 transversa
1127 2483 1198 2557 sub
1218 2484 1317 2557 lente

118 2614 211 2687 libro
230 2614 340 2702 ssavo,
360 2612 548 2686 fasciculis
567 2612 747 2685 fibrarum
766 2612 971 2705 subgriseis
985 2611 1157 2684 radialirn
1172 2611 1316 2683 striato.

117 2743 270 2836 Saporis
286 2747 344 2816 est
358 2748 486 2816 cortex
502 2742 704 2831 subamari,
724 2741 882 2814 salivam
896 2742 995 2814 flavo
1017 2740 1139 2813 colore
1154 2739 1315 2831 tingens

115 2870 159 2944 In
188 2892 287 2963 aqua
324 2870 437 2943 calcis
467 2875 679 2942 maceratus
715 2870 816 2942 intus
846 2867 1012 2942 colorem
1039 2867 1134 2939 belle
1161 2867 1317 2939 rubrum

114 2997 241 3073 trahit.

354 3226 550 3337 Cortex
576 3226 803 3333 llrnctus
831 3223 1095 3339 iurantii.

418 3438 593 3517 Flavedo
618 3434 782 3514 corticis
804 3433 1005 3514 Aurantii.

227 3595 348 3670 Gitruo
367 3596 525 3694 megaris
544 3595 697 3683 Riss0‚
717 3594 817 3667 vide:
839 3591 942 3664 Folia
963 3590 1149 3663 Aurontii.

222 3724 475 3816 Pericarpiurn
490 3722 701 3796 efiuctibus
713 3720 870 3794 maturis
886 3720 925 3791 in
940 3717 1144 3810 segmentis
1154 3716 1314 3809 plerum·

111 3877 186 3949 que
207 3853 374 3945 ellipticis
395 3853 603 3926 detractum
618 3856 655 3923 et
666 3849 858 3934 siccatum,
879 3851 1057 3918 constans
1077 3865 1097 3916 e
1118 3847 1234 3917 strato
1251 3864 1313 3915 ex-

110 3983 248 4057 teriore
269 3979 671 4069 tuberculato-rugosO,
701 3996 721 4048 e
748 3975 863 4048 rubro
882 3971 1118 4059 luscescenti,
1147 3976 1314 4044 scatente

108 4109 257 4184 lacunis
276 4110 361 4182 oleo
382 4106 556 4181 aethereo
574 4104 734 4198 repletis
760 4102 868 4174 valde
889 4099 1092 4173 aromatico
1115 4102 1151 4169 et
1172 4118 1313 4185 amaro,

108 4245 149 4312 et
178 4258 198 4310 e
228 4242 345 4310 strato
373 4234 548 4307 interiore
577 4233 673 4320 albo,
705 4229 924 4324 spongioso,
962 4227 1177 4311 subamaro,
1213 4223 1315 4315 quod

109 4362 387 4438 removendum
406 4365 474 4434 est.

221 4490 392 4588 Syropue
418 4486 599 4559 Tinctum.
620 4485 728 4580 Aqua
748 4481 994 4557 carminatioo.
1023 4477 1158 4574 Species
1177 4478 1312 4550 omori-

106 4626 232 4692 cantes.
286 4617 456 4690 linctum
493 4611 674 4687 Abstmlit
717 4608 913 4705 composita.
966 4607 1135 4679 Tinctum
1174 4629 1311 4678 ornare.

110 4748 284 4820 Tinctum
308 4740 656 4837 Chinaecomposito.
681 4738 851 4810 Tinctum
872 4735 962 4807 litei
981 4734 1112 4806 vinoso.
