<?xml version="1.0" encoding="UTF-8"?>
<!DOCTYPE html PUBLIC "-//W3C//DTD XHTML 1.0 Transitional//EN"
    "http://www.w3.org/TR/xhtml1/DTD/xhtml1-transitional.dtd">
<html xmlns="http://www.w3.org/1999/xhtml" xml:lang="en" lang="en">
 <head>
  <title>
</title>
<meta http-equiv="Content-Type" content="text/html;charset=utf-8" />
  <meta name='ocr-system' content='tesseract 3.04.00' />
  <meta name='ocr-capabilities' content='ocr_page ocr_carea ocr_par ocr_line ocrx_word'/>
</head>
<body>
  <div class='ocr_page' id='page_1' title='image "./pharmacopoeaaus02unkngoog_0196.png"; bbox 0 0 3500 5450; ppageno 0'>
   <div class='ocr_carea' id='block_1_1' title="bbox 840 538 1080 612">
    <p class='ocr_par' dir='ltr' id='par_1_1' title="bbox 840 538 1080 612">
     <span class='ocr_line' id='line_1_1' title="bbox 840 538 1080 612; baseline 0 -1"><span class='ocrx_word' id='word_1_1' title='bbox 840 538 1080 612; x_wconf 81' lang='lat'>-168-</span> 
     </span>
    </p>
   </div>
   <div class='ocr_carea' id='block_1_2' title="bbox 634 750 1285 897">
    <p class='ocr_par' dir='ltr' id='par_1_2' title="bbox 634 750 1285 897">
     <span class='ocr_line' id='line_1_2' title="bbox 634 750 1285 897; baseline -0.003 -37"><span class='ocrx_word' id='word_1_2' title='bbox 634 754 864 897; x_wconf 75' lang='lat' dir='ltr'>lignum</span> <span class='ocrx_word' id='word_1_3' title='bbox 891 750 1285 892; x_wconf 80' lang='lat' dir='ltr'>Hacmntoxyli.</span> 
     </span>
    </p>
   </div>
   <div class='ocr_carea' id='block_1_3' title="bbox 683 983 1234 1089">
    <p class='ocr_par' dir='ltr' id='par_1_3' title="bbox 683 983 1234 1089">
     <span class='ocr_line' id='line_1_3' title="bbox 683 983 1234 1089; baseline 0 -27"><span class='ocrx_word' id='word_1_4' title='bbox 683 984 855 1089; x_wconf 77' lang='lat' dir='ltr'>Lignum</span> <span class='ocrx_word' id='word_1_5' title='bbox 879 983 1234 1088; x_wconf 84' lang='lat' dir='ltr'>Campoohianum.</span> 
     </span>
    </p>
   </div>
   <div class='ocr_carea' id='block_1_4' title="bbox 361 1177 1555 1406">
    <p class='ocr_par' dir='ltr' id='par_1_4' title="bbox 361 1177 1555 1406">
     <span class='ocr_line' id='line_1_4' title="bbox 468 1177 1555 1276; baseline 0.002 -27"><span class='ocrx_word' id='word_1_6' title='bbox 468 1177 741 1275; x_wconf 77' lang='lat' dir='ltr'>Hocmntorplon</span> <span class='ocrx_word' id='word_1_7' title='bbox 766 1179 1378 1276; x_wconf 73' lang='lat' dir='ltr'>Compcclrionumhinn.,arborio</span> <span class='ocrx_word' id='word_1_8' title='bbox 1388 1179 1555 1253; x_wconf 80' lang='lat' dir='ltr'>America</span> 
     </span>
     <span class='ocr_line' id='line_1_5' title="bbox 361 1306 1326 1406; baseline 0.001 -29"><span class='ocrx_word' id='word_1_9' title='bbox 361 1307 513 1380; x_wconf 86' lang='lat' dir='ltr'>centrali</span> <span class='ocrx_word' id='word_1_10' title='bbox 532 1307 718 1399; x_wconf 79' lang='lat' dir='ltr'>indigena.</span> <span class='ocrx_word' id='word_1_11' title='bbox 749 1306 1011 1406; x_wconf 72' lang='lat' dir='ltr'>Lepunrinosoc.</span> <span class='ocrx_word' id='word_1_12' title='bbox 1032 1307 1326 1402; x_wconf 82' lang='lat' dir='ltr'>Cocsnlpinnccoc.</span> 
     </span>
    </p>
   </div>
   <div class='ocr_carea' id='block_1_5' title="bbox 359 1454 1559 2826">
    <p class='ocr_par' dir='ltr' id='par_1_5' title="bbox 359 1454 1555 2441">
     <span class='ocr_line' id='line_1_6' title="bbox 469 1454 1552 1547; baseline 0 -23"><span class='ocrx_word' id='word_1_13' title='bbox 469 1454 658 1526; x_wconf 78' lang='lat' dir='ltr'>Duramen</span> <span class='ocrx_word' id='word_1_14' title='bbox 672 1455 805 1542; x_wconf 81' lang='lat' dir='ltr'>trunci,</span> <span class='ocrx_word' id='word_1_15' title='bbox 825 1461 1004 1547; x_wconf 82' lang='lat' dir='ltr'>prostans</span> <span class='ocrx_word' id='word_1_16' title='bbox 1024 1457 1063 1528; x_wconf 92' lang='lat' dir='ltr'>in</span> <span class='ocrx_word' id='word_1_17' title='bbox 1085 1456 1277 1529; x_wconf 79' lang='lat' dir='ltr'>codicibus</span> <span class='ocrx_word' id='word_1_18' title='bbox 1297 1454 1456 1546; x_wconf 71' lang='lat' dir='ltr'>magnis</span> <span class='ocrx_word' id='word_1_19' title='bbox 1477 1474 1552 1524; x_wconf 89' lang='lat' dir='ltr'>cor-</span> 
     </span>
     <span class='ocr_line' id='line_1_7' title="bbox 363 1580 1554 1674; baseline 0.002 -23"><span class='ocrx_word' id='word_1_20' title='bbox 363 1580 432 1652; x_wconf 88' lang='lat' dir='ltr'>tice</span> <span class='ocrx_word' id='word_1_21' title='bbox 454 1586 489 1653; x_wconf 88' lang='lat' dir='ltr'>et</span> <span class='ocrx_word' id='word_1_22' title='bbox 509 1581 666 1655; x_wconf 84' lang='lat' dir='ltr'>alburno</span> <span class='ocrx_word' id='word_1_23' title='bbox 706 1582 830 1654; x_wconf 89' lang='lat' dir='ltr'>albido</span> <span class='ocrx_word' id='word_1_24' title='bbox 860 1583 1057 1674; x_wconf 72' lang='lat' dir='ltr'>destitutis</span> <span class='ocrx_word' id='word_1_25' title='bbox 1087 1583 1321 1657; x_wconf 80' lang='lat' dir='ltr'>extrinsecus</span> <span class='ocrx_word' id='word_1_26' title='bbox 1342 1604 1361 1655; x_wconf 92' lang='lat' dir='ltr'>e</span> <span class='ocrx_word' id='word_1_27' title='bbox 1386 1582 1554 1654; x_wconf 83' lang='lat' dir='ltr'>caerulco</span> 
     </span>
     <span class='ocr_line' id='line_1_8' title="bbox 365 1708 1555 1802; baseline 0.001 -23"><span class='ocrx_word' id='word_1_28' title='bbox 365 1708 465 1798; x_wconf 73' lang='lat' dir='ltr'>atris</span> <span class='ocrx_word' id='word_1_29' title='bbox 485 1709 587 1782; x_wconf 89' lang='lat' dir='ltr'>intus</span> <span class='ocrx_word' id='word_1_30' title='bbox 600 1710 738 1782; x_wconf 85' lang='lat' dir='ltr'>eiusco</span> <span class='ocrx_word' id='word_1_31' title='bbox 757 1710 888 1800; x_wconf 71' lang='lat' dir='ltr'>rubris</span> <span class='ocrx_word' id='word_1_32' title='bbox 908 1711 1174 1802; x_wconf 81' lang='lat' dir='ltr'>ponderosum,</span> <span class='ocrx_word' id='word_1_33' title='bbox 1195 1711 1342 1798; x_wconf 81' lang='lat' dir='ltr'>durmn,</span> <span class='ocrx_word' id='word_1_34' title='bbox 1361 1710 1401 1782; x_wconf 91' lang='lat' dir='ltr'>in</span> <span class='ocrx_word' id='word_1_35' title='bbox 1420 1710 1555 1781; x_wconf 84' lang='lat' dir='ltr'>fissura</span> 
     </span>
     <span class='ocr_line' id='line_1_9' title="bbox 363 1835 1554 1942; baseline 0.001 -36"><span class='ocrx_word' id='word_1_36' title='bbox 363 1857 495 1926; x_wconf 82' lang='lat' dir='ltr'>grosse</span> <span class='ocrx_word' id='word_1_37' title='bbox 525 1837 715 1929; x_wconf 89' lang='lat' dir='ltr'>tibrosum,</span> <span class='ocrx_word' id='word_1_38' title='bbox 738 1837 784 1942; x_wconf 26' lang='lat' dir='ltr'>‘in</span> <span class='ocrx_word' id='word_1_39' title='bbox 815 1837 980 1910; x_wconf 78' lang='lat' dir='ltr'>sectione</span> <span class='ocrx_word' id='word_1_40' title='bbox 1010 1843 1227 1912; x_wconf 84' lang='lat' dir='ltr'>transversa</span> <span class='ocrx_word' id='word_1_41' title='bbox 1259 1837 1363 1909; x_wconf 89' lang='lat' dir='ltr'>zonis</span> <span class='ocrx_word' id='word_1_42' title='bbox 1396 1835 1554 1909; x_wconf 89' lang='lat' dir='ltr'>subcon-</span> 
     </span>
     <span class='ocr_line' id='line_1_10' title="bbox 364 1962 1555 2056; baseline 0 -22"><span class='ocrx_word' id='word_1_43' title='bbox 364 1963 748 2053; x_wconf 82' lang='lat' dir='ltr'>centricisundulatis,</span> <span class='ocrx_word' id='word_1_44' title='bbox 763 1966 947 2056; x_wconf 87' lang='lat' dir='ltr'>pervices</span> <span class='ocrx_word' id='word_1_45' title='bbox 964 1966 1087 2040; x_wconf 88' lang='lat' dir='ltr'>colore</span> <span class='ocrx_word' id='word_1_46' title='bbox 1103 1966 1327 2039; x_wconf 87' lang='lat' dir='ltr'>saturatiore</span> <span class='ocrx_word' id='word_1_47' title='bbox 1339 1969 1376 2037; x_wconf 92' lang='lat' dir='ltr'>et</span> <span class='ocrx_word' id='word_1_48' title='bbox 1386 1962 1555 2035; x_wconf 88' lang='lat' dir='ltr'>dilutiore</span> 
     </span>
     <span class='ocr_line' id='line_1_11' title="bbox 362 2091 1555 2187; baseline 0 -25"><span class='ocrx_word' id='word_1_49' title='bbox 362 2095 399 2163; x_wconf 89' lang='lat' dir='ltr'>et</span> <span class='ocrx_word' id='word_1_50' title='bbox 416 2092 531 2165; x_wconf 86' lang='lat' dir='ltr'>radiis</span> <span class='ocrx_word' id='word_1_51' title='bbox 552 2091 821 2165; x_wconf 83' lang='lat' dir='ltr'>medullaribus</span> <span class='ocrx_word' id='word_1_52' title='bbox 846 2093 943 2166; x_wconf 89' lang='lat' dir='ltr'>inter</span> <span class='ocrx_word' id='word_1_53' title='bbox 962 2115 1003 2166; x_wconf 88' lang='lat' dir='ltr'>se</span> <span class='ocrx_word' id='word_1_54' title='bbox 1022 2094 1201 2187; x_wconf 82' lang='lat' dir='ltr'>proximis</span> <span class='ocrx_word' id='word_1_55' title='bbox 1221 2092 1474 2167; x_wconf 75' lang='lat' dir='ltr'>subtilissimis</span> <span class='ocrx_word' id='word_1_56' title='bbox 1498 2112 1555 2163; x_wconf 88' lang='lat' dir='ltr'>nr-</span> 
     </span>
     <span class='ocr_line' id='line_1_12' title="bbox 359 2220 1555 2314; baseline 0 -23"><span class='ocrx_word' id='word_1_57' title='bbox 359 2224 500 2310; x_wconf 90' lang='lat' dir='ltr'>natum,</span> <span class='ocrx_word' id='word_1_58' title='bbox 530 2220 679 2312; x_wconf 86' lang='lat' dir='ltr'>saporis</span> <span class='ocrx_word' id='word_1_59' title='bbox 708 2220 912 2310; x_wconf 75' lang='lat' dir='ltr'>subducis,</span> <span class='ocrx_word' id='word_1_60' title='bbox 935 2222 1284 2314; x_wconf 83' lang='lat' dir='ltr'>subadstringentis,</span> <span class='ocrx_word' id='word_1_61' title='bbox 1313 2222 1410 2294; x_wconf 91' lang='lat' dir='ltr'>inter</span> <span class='ocrx_word' id='word_1_62' title='bbox 1428 2220 1555 2293; x_wconf 83' lang='lat' dir='ltr'>masti-</span> 
     </span>
     <span class='ocr_line' id='line_1_13' title="bbox 361 2347 1217 2441; baseline 0.002 -22"><span class='ocrx_word' id='word_1_63' title='bbox 361 2347 527 2420; x_wconf 83' lang='lat' dir='ltr'>candum</span> <span class='ocrx_word' id='word_1_64' title='bbox 546 2347 705 2420; x_wconf 85' lang='lat' dir='ltr'>salivam</span> <span class='ocrx_word' id='word_1_65' title='bbox 726 2347 848 2421; x_wconf 86' lang='lat' dir='ltr'>colore</span> <span class='ocrx_word' id='word_1_66' title='bbox 867 2349 1037 2421; x_wconf 87' lang='lat' dir='ltr'>violaceo</span> <span class='ocrx_word' id='word_1_67' title='bbox 1058 2349 1217 2441; x_wconf 83' lang='lat' dir='ltr'>tingens.</span> 
     </span>
    </p>

    <p class='ocr_par' dir='ltr' id='par_1_6' title="bbox 359 2473 1559 2826">
     <span class='ocr_line' id='line_1_14' title="bbox 468 2473 1559 2569; baseline 0.003 -23"><span class='ocrx_word' id='word_1_68' title='bbox 468 2473 511 2547; x_wconf 94' lang='lat' dir='ltr'>In</span> <span class='ocrx_word' id='word_1_69' title='bbox 545 2476 703 2549; x_wconf 81' lang='lat' dir='ltr'>officinis</span> <span class='ocrx_word' id='word_1_70' title='bbox 747 2498 852 2548; x_wconf 86' lang='lat' dir='ltr'>merx</span> <span class='ocrx_word' id='word_1_71' title='bbox 894 2481 1042 2569; x_wconf 85' lang='lat' dir='ltr'>prostat</span> <span class='ocrx_word' id='word_1_72' title='bbox 1074 2476 1198 2548; x_wconf 89' lang='lat' dir='ltr'>scissa</span> <span class='ocrx_word' id='word_1_73' title='bbox 1239 2478 1279 2549; x_wconf 93' lang='lat' dir='ltr'>in</span> <span class='ocrx_word' id='word_1_74' title='bbox 1317 2481 1487 2549; x_wconf 87' lang='lat' dir='ltr'>ramenta</span> <span class='ocrx_word' id='word_1_75' title='bbox 1523 2481 1559 2549; x_wconf 89' lang='lat' dir='ltr'>et</span> 
     </span>
     <span class='ocr_line' id='line_1_15' title="bbox 359 2603 1557 2691; baseline -0.002 -14"><span class='ocrx_word' id='word_1_76' title='bbox 359 2605 506 2691; x_wconf 89' lang='lat' dir='ltr'>scobes,</span> <span class='ocrx_word' id='word_1_77' title='bbox 523 2603 756 2677; x_wconf 83' lang='lat' dir='ltr'>extrinsecus</span> <span class='ocrx_word' id='word_1_78' title='bbox 771 2603 960 2676; x_wconf 84' lang='lat' dir='ltr'>interdurn</span> <span class='ocrx_word' id='word_1_79' title='bbox 975 2603 1096 2676; x_wconf 87' lang='lat' dir='ltr'>nitore</span> <span class='ocrx_word' id='word_1_80' title='bbox 1117 2624 1161 2676; x_wconf 82' lang='lat' dir='ltr'>ex</span> <span class='ocrx_word' id='word_1_81' title='bbox 1182 2604 1557 2677; x_wconf 86' lang='lat' dir='ltr'>aureo-viridescente</span> 
     </span>
     <span class='ocr_line' id='line_1_16' title="bbox 360 2730 543 2826; baseline -0.005 -22"><span class='ocrx_word' id='word_1_82' title='bbox 360 2730 543 2826; x_wconf 83' lang='lat' dir='ltr'>praedita.</span> 
     </span>
    </p>
   </div>
   <div class='ocr_carea' id='block_1_6' title="bbox 759 3093 1278 3237">
    <p class='ocr_par' dir='ltr' id='par_1_7' title="bbox 759 3093 1278 3237">
     <span class='ocr_line' id='line_1_17' title="bbox 759 3093 1278 3237; baseline -0.002 -36"><span class='ocrx_word' id='word_1_83' title='bbox 759 3093 987 3237; x_wconf 75' lang='lat' dir='ltr'>Lignum</span> <span class='ocrx_word' id='word_1_84' title='bbox 1013 3094 1278 3237; x_wconf 74' lang='lat' dir='ltr'>iuniperi.</span> 
     </span>
    </p>
   </div>
   <div class='ocr_carea' id='block_1_7' title="bbox 360 3316 1560 4818">
    <p class='ocr_par' dir='ltr' id='par_1_8' title="bbox 470 3316 1403 3414">
     <span class='ocr_line' id='line_1_18' title="bbox 470 3316 1403 3414; baseline 0 -26"><span class='ocrx_word' id='word_1_85' title='bbox 470 3316 665 3413; x_wconf 80' lang='lat' dir='ltr'>Junipcrus</span> <span class='ocrx_word' id='word_1_86' title='bbox 690 3321 885 3410; x_wconf 69' lang='lat' dir='ltr'>concinnato,</span> <span class='ocrx_word' id='word_1_87' title='bbox 912 3320 1012 3392; x_wconf 87' lang='lat' dir='ltr'>vide:</span> <span class='ocrx_word' id='word_1_88' title='bbox 1044 3319 1196 3392; x_wconf 62' lang='lat' dir='ltr'>tructus</span> <span class='ocrx_word' id='word_1_89' title='bbox 1227 3318 1403 3414; x_wconf 80' lang='lat' dir='ltr'>Juniperi.</span> 
     </span>
    </p>

    <p class='ocr_par' dir='ltr' id='par_1_9' title="bbox 360 3443 1559 4431">
     <span class='ocr_line' id='line_1_19' title="bbox 469 3443 1557 3539; baseline 0.003 -25"><span class='ocrx_word' id='word_1_90' title='bbox 469 3443 669 3535; x_wconf 83' lang='lat' dir='ltr'>Lignume</span> <span class='ocrx_word' id='word_1_91' title='bbox 705 3451 846 3537; x_wconf 82' lang='lat' dir='ltr'>trunco,</span> <span class='ocrx_word' id='word_1_92' title='bbox 885 3447 1001 3519; x_wconf 83' lang='lat' dir='ltr'>ramis</span> <span class='ocrx_word' id='word_1_93' title='bbox 1035 3452 1073 3520; x_wconf 89' lang='lat' dir='ltr'>et</span> <span class='ocrx_word' id='word_1_94' title='bbox 1105 3448 1230 3520; x_wconf 90' lang='lat' dir='ltr'>radice</span> <span class='ocrx_word' id='word_1_95' title='bbox 1251 3447 1491 3539; x_wconf 87' lang='lat' dir='ltr'>desumptum</span> <span class='ocrx_word' id='word_1_96' title='bbox 1520 3447 1557 3517; x_wconf 94' lang='lat' dir='ltr'>in</span> 
     </span>
     <span class='ocr_line' id='line_1_20' title="bbox 361 3570 1554 3664; baseline 0.001 -22"><span class='ocrx_word' id='word_1_97' title='bbox 361 3570 489 3645; x_wconf 86' lang='lat' dir='ltr'>frustis</span> <span class='ocrx_word' id='word_1_98' title='bbox 503 3570 723 3664; x_wconf 88' lang='lat' dir='ltr'>plerumque</span> <span class='ocrx_word' id='word_1_99' title='bbox 743 3573 1059 3664; x_wconf 83' lang='lat' dir='ltr'>longitudinalitor</span> <span class='ocrx_word' id='word_1_100' title='bbox 1079 3575 1189 3664; x_wconf 80' lang='lat' dir='ltr'>fissis,</span> <span class='ocrx_word' id='word_1_101' title='bbox 1210 3574 1345 3647; x_wconf 89' lang='lat' dir='ltr'>cortice</span> <span class='ocrx_word' id='word_1_102' title='bbox 1364 3573 1477 3661; x_wconf 90' lang='lat' dir='ltr'>tenui,</span> <span class='ocrx_word' id='word_1_103' title='bbox 1495 3594 1554 3644; x_wconf 81' lang='lat' dir='ltr'>ex-</span> 
     </span>
     <span class='ocr_line' id='line_1_21' title="bbox 360 3697 1556 3793; baseline 0.003 -24"><span class='ocrx_word' id='word_1_104' title='bbox 360 3697 546 3771; x_wconf 87' lang='lat' dir='ltr'>trinsecus</span> <span class='ocrx_word' id='word_1_105' title='bbox 566 3699 700 3792; x_wconf 85' lang='lat' dir='ltr'>griseo,</span> <span class='ocrx_word' id='word_1_106' title='bbox 721 3700 821 3774; x_wconf 90' lang='lat' dir='ltr'>intus</span> <span class='ocrx_word' id='word_1_107' title='bbox 840 3701 1064 3793; x_wconf 84' lang='lat' dir='ltr'>ferrugineo,</span> <span class='ocrx_word' id='word_1_108' title='bbox 1084 3702 1223 3774; x_wconf 88' lang='lat' dir='ltr'>fibroso</span> <span class='ocrx_word' id='word_1_109' title='bbox 1251 3701 1435 3791; x_wconf 89' lang='lat' dir='ltr'>indutum,</span> <span class='ocrx_word' id='word_1_110' title='bbox 1465 3700 1556 3773; x_wconf 85' lang='lat' dir='ltr'>satis</span> 
     </span>
     <span class='ocr_line' id='line_1_22' title="bbox 362 3828 1557 3920; baseline 0.001 -22"><span class='ocrx_word' id='word_1_111' title='bbox 362 3832 610 3920; x_wconf 85' lang='lat' dir='ltr'>compactum,</span> <span class='ocrx_word' id='word_1_112' title='bbox 644 3828 752 3901; x_wconf 86' lang='lat' dir='ltr'>facile</span> <span class='ocrx_word' id='word_1_113' title='bbox 772 3828 905 3919; x_wconf 83' lang='lat' dir='ltr'>fissile,</span> <span class='ocrx_word' id='word_1_114' title='bbox 940 3828 1075 3902; x_wconf 86' lang='lat' dir='ltr'>coloris</span> <span class='ocrx_word' id='word_1_115' title='bbox 1104 3829 1227 3919; x_wconf 85' lang='lat' dir='ltr'>albidi,</span> <span class='ocrx_word' id='word_1_116' title='bbox 1261 3828 1473 3902; x_wconf 91' lang='lat' dir='ltr'>ochroleuci</span> <span class='ocrx_word' id='word_1_117' title='bbox 1500 3828 1557 3900; x_wconf 85' lang='lat' dir='ltr'>vel</span> 
     </span>
     <span class='ocr_line' id='line_1_23' title="bbox 360 3954 1556 4050; baseline 0.001 -23"><span class='ocrx_word' id='word_1_118' title='bbox 360 3955 500 4046; x_wconf 88' lang='lat' dir='ltr'>rubelli,</span> <span class='ocrx_word' id='word_1_119' title='bbox 529 3956 569 4028; x_wconf 91' lang='lat' dir='ltr'>in</span> <span class='ocrx_word' id='word_1_120' title='bbox 588 3957 753 4030; x_wconf 89' lang='lat' dir='ltr'>sectione</span> <span class='ocrx_word' id='word_1_121' title='bbox 778 3961 996 4029; x_wconf 87' lang='lat' dir='ltr'>transversa</span> <span class='ocrx_word' id='word_1_122' title='bbox 1023 3956 1130 4028; x_wconf 88' lang='lat' dir='ltr'>zonis</span> <span class='ocrx_word' id='word_1_123' title='bbox 1151 3954 1333 4050; x_wconf 87' lang='lat' dir='ltr'>cujusque</span> <span class='ocrx_word' id='word_1_124' title='bbox 1352 3956 1441 4029; x_wconf 91' lang='lat' dir='ltr'>anni</span> <span class='ocrx_word' id='word_1_125' title='bbox 1470 3976 1556 4028; x_wconf 92' lang='lat' dir='ltr'>con·</span> 
     </span>
     <span class='ocr_line' id='line_1_24' title="bbox 362 4082 1557 4178; baseline 0.003 -25"><span class='ocrx_word' id='word_1_126' title='bbox 362 4082 552 4172; x_wconf 74' lang='lat' dir='ltr'>contriciS,</span> <span class='ocrx_word' id='word_1_127' title='bbox 588 4084 773 4178; x_wconf 88' lang='lat' dir='ltr'>aperturis</span> <span class='ocrx_word' id='word_1_128' title='bbox 808 4105 987 4156; x_wconf 85' lang='lat' dir='ltr'>vasorum</span> <span class='ocrx_word' id='word_1_129' title='bbox 1026 4084 1276 4176; x_wconf 88' lang='lat' dir='ltr'>ductibusque</span> <span class='ocrx_word' id='word_1_130' title='bbox 1311 4084 1557 4157; x_wconf 87' lang='lat' dir='ltr'>balsamiseris</span> 
     </span>
     <span class='ocr_line' id='line_1_25' title="bbox 363 4210 1559 4303; baseline 0.003 -25"><span class='ocrx_word' id='word_1_131' title='bbox 363 4210 585 4302; x_wconf 74' lang='lat' dir='ltr'>carentibus</span> <span class='ocrx_word' id='word_1_132' title='bbox 640 4232 841 4284; x_wconf 86' lang='lat' dir='ltr'>accensum</span> <span class='ocrx_word' id='word_1_133' title='bbox 912 4212 1066 4283; x_wconf 90' lang='lat' dir='ltr'>odorem</span> <span class='ocrx_word' id='word_1_134' title='bbox 1115 4217 1262 4303; x_wconf 80' lang='lat' dir='ltr'>gratum</span> <span class='ocrx_word' id='word_1_135' title='bbox 1313 4210 1559 4283; x_wconf 86' lang='lat' dir='ltr'>balsamicum</span> 
     </span>
     <span class='ocr_line' id='line_1_26' title="bbox 362 4358 557 4431; baseline 0 -21"><span class='ocrx_word' id='word_1_136' title='bbox 362 4358 557 4431; x_wconf 84' lang='lat' dir='ltr'>spargens.</span> 
     </span>
    </p>

    <p class='ocr_par' dir='ltr' id='par_1_10' title="bbox 361 4465 1560 4686">
     <span class='ocr_line' id='line_1_27' title="bbox 470 4465 1560 4559; baseline -0.002 -21"><span class='ocrx_word' id='word_1_137' title='bbox 470 4465 630 4556; x_wconf 83' lang='lat' dir='ltr'>Lignum</span> <span class='ocrx_word' id='word_1_138' title='bbox 663 4466 799 4538; x_wconf 88' lang='lat' dir='ltr'>radicis</span> <span class='ocrx_word' id='word_1_139' title='bbox 835 4466 937 4558; x_wconf 80' lang='lat' dir='ltr'>ligno</span> <span class='ocrx_word' id='word_1_140' title='bbox 966 4488 1156 4539; x_wconf 81' lang='lat' dir='ltr'>ramorum</span> <span class='ocrx_word' id='word_1_141' title='bbox 1176 4471 1212 4538; x_wconf 86' lang='lat' dir='ltr'>et</span> <span class='ocrx_word' id='word_1_142' title='bbox 1237 4466 1421 4559; x_wconf 83' lang='lat' dir='ltr'>imprimis</span> <span class='ocrx_word' id='word_1_143' title='bbox 1440 4465 1560 4538; x_wconf 87' lang='lat' dir='ltr'>trunci</span> 
     </span>
     <span class='ocr_line' id='line_1_28' title="bbox 361 4593 802 4686; baseline 0.002 -21"><span class='ocrx_word' id='word_1_144' title='bbox 361 4594 613 4686; x_wconf 85' lang='lat' dir='ltr'>praestantius</span> <span class='ocrx_word' id='word_1_145' title='bbox 631 4593 802 4666; x_wconf 86' lang='lat' dir='ltr'>babetur.</span> 
     </span>
    </p>

    <p class='ocr_par' dir='ltr' id='par_1_11' title="bbox 471 4718 834 4818">
     <span class='ocr_line' id='line_1_29' title="bbox 471 4718 834 4818; baseline 0.003 -28"><span class='ocrx_word' id='word_1_146' title='bbox 471 4718 605 4814; x_wconf 79' lang='lat' dir='ltr'>Species</span> <span class='ocrx_word' id='word_1_147' title='bbox 630 4720 834 4818; x_wconf 78' lang='lat' dir='ltr'>Lipnornm.</span> 
     </span>
    </p>
   </div>
   <div class='ocr_carea' id='block_1_8' title="bbox 0 0 1762 5450">
    <p class='ocr_par' dir='ltr' id='par_1_12' title="bbox 0 0 1762 5450">
     <span class='ocr_line' id='line_1_30' title="bbox 0 0 1762 5450; baseline 0 0"><span class='ocrx_word' id='word_1_148' title='bbox 0 0 1762 5450; x_wconf 95' lang='lat' dir='ltr'> </span> 
     </span>
    </p>
   </div>
  </div>
 </body>
</html>
