3500 5450
661 570 706 582 -
741 482 819 602 roe
847 573 898 584 >-

280 739 487 849 Pastilli
516 774 547 849 e
574 740 762 849 Nutrio
788 741 1278 881 hydroourlronioo.

182 965 282 1058 Rpe:
323 959 433 1040 lutrii
453 959 758 1063 lryrlroourlrunioi
778 960 966 1042 subtiliter
984 964 1062 1042 triti

940 1098 1142 1190 qrammoto
1164 1093 1237 1164 trio
1350 1097 1372 1165 3

315 1215 484 1295 Sueelruri
503 1216 687 1318 puluerutl
741 1226 945 1316 qrammuta
964 1219 1209 1316 quodruqinto

1050 1346 1212 1442 quinque.
1324 1350 1376 1421 45

288 1473 383 1548 Cum

315 1598 395 1678 illei
414 1598 578 1678 lleutlrue
598 1601 780 1700 piperltue
834 1601 945 1700 quitis
965 1599 1102 1673 duabus

178 1750 217 1802 m

321 1851 480 1954 Spiritus
497 1853 576 1931 ttnt
597 1853 705 1932 uliluti
762 1880 792 1951 q.
811 1880 839 1930 s.

176 1983 310 2057 solutis
337 1982 403 2055 fiat
432 1983 698 2057 contundendo
728 2005 867 2074 messa,
904 2005 924 2056 e
955 2006 1029 2076 qua
1062 1983 1269 2056 formentur
1296 1982 1376 2073 lege

177 2110 268 2184 estis
286 2109 429 2183 Pastilli
449 2109 607 2207 triyr'nta.

625 2396 930 2538 Pepsinum.

286 2601 414 2675 Pulvis
434 2601 589 2691 subtilis,
619 2601 727 2673 albus
755 2602 814 2673 vel
841 2623 975 2694 parum
996 2602 1215 2689 flavescenS,
1249 2600 1375 2673 odoris

179 2736 216 2804 et
235 2729 381 2823 saporis
401 2752 521 2823 paene
543 2750 686 2823 erpere,
706 2729 743 2801 in
764 2751 863 2822 eque
888 2750 965 2801 non
983 2729 1134 2821 limpide
1162 2729 1376 2817 soluenduS,

178 2859 292 2951 guttis
311 2858 453 2951 aliquot
470 2857 565 2930 acidi
584 2856 860 2949 hydroehlorici
880 2856 1035 2949 adjectis
1046 2856 1182 2929 solutio
1192 2855 1378 2948 limpidior

138 2964 141 2968 ¹
177 2986 312 3059 evadit.

286 3112 439 3205 Pepsini
459 3112 710 3204 denigrammu
727 3133 857 3201 unum,
878 3111 916 3184 in
937 3117 1088 3184 centum
1108 3108 1377 3202 quinquaginta

177 3240 356 3332 grammis
386 3262 507 3333 aquae
541 3245 578 3312 et
606 3239 753 3312 duobus
783 3261 869 3312 cum
900 3235 1051 3311 dimidio
1073 3236 1250 3329 grammis
1280 3234 1376 3307 acidi

175 3367 451 3458 hydroohloriei
470 3366 574 3439 diluti
593 3367 768 3456 solutum,
790 3371 999 3459 grammate
1027 3366 1155 3438 decern
1175 3361 1375 3436 albuminis

176 3495 237 3567 ovi
261 3494 364 3583 cocti,
395 3493 577 3567 subtiliter
608 3494 764 3584 contriti,
793 3495 889 3567 intra
912 3499 1072 3586 quatuor
1096 3493 1144 3564 ed
1174 3513 1241 3564 sex
1259 3492 1373 3563 horas

176 3623 298 3694 calore
325 3621 405 3693 40⁰
439 3621 590 3713 saepius
620 3623 912 3714 conquassando
939 3620 986 3693 ad
1013 3619 1197 3711 liquorem
1220 3618 1374 3710 paulum

176 3750 454 3841 opulesoentem
474 3749 606 3821 solvat.

225 4038 1002 4293 Pqursosliqlmimrm
1044 4036 1336 4171 ualloqu-

698 4212 908 4294 ouum.

523 4390 739 4469 Eserinum
764 4390 1021 4493 salioylioum.

285 4567 457 4658 Crystalli
504 4568 698 4641 decolores
744 4568 803 4640 vel
851 4569 1179 4655 subflavescentes‚
1227 4564 1373 4658 saporis

175 4694 327 4784 nulline,
349 4694 386 4766 in
406 4717 505 4787 equa
525 4695 682 4784 difficile,
712 4695 856 4767 leoilius
876 4695 915 4766 in
941 4697 1070 4785 spiritu
1090 4695 1165 4766 vini
1185 4692 1375 4766 solubilem
