3500 5450
679 557 917 631 -245—

298 770 448 843 Semina
468 777 617 845 matura
636 774 746 868 sicca,
759 775 999 867 subglobosa,
1016 776 1199 848 diametro
1210 775 1322 848 unius
1344 776 1391 848 ad

188 896 523 989 sesquimiliimetri,
548 903 644 973 testa
668 908 774 974 extus
794 902 1048 990 fusco-rubra,
1069 902 1140 975 sub
1158 903 1258 976 lente
1279 903 1392 975 subti-

187 1024 329 1098 lissime
343 1025 755 1118 reticulato-ioveolata,
776 1027 1288 1120 embryoncexalbuminoso,
1306 1029 1393 1101 sub·

186 1153 420 1243 viridi-ssavo,
432 1152 573 1245 ole050,
585 1153 858 1245 conduplicato,
870 1155 1153 1247 cotyledonibus
1165 1155 1263 1227 binis
1275 1153 1390 1248 appli-

188 1280 328 1370 cativis,
363 1280 530 1352 radicula
559 1281 760 1372 cylindrica
788 1284 1049 1375 adscendente,
1086 1282 1256 1372 inodora,
1285 1303 1390 1354 man·

188 1408 326 1481 ducata
346 1407 493 1499 saporis
513 1407 560 1480 ab
579 1408 682 1481 initio
694 1411 892 1503 subamari,
914 1411 1087 1484 subacidi
1106 1413 1143 1482 et
1153 1408 1284 1498 oleosi,
1306 1406 1391 1480 dein

188 1535 363 1626 peracriS,
383 1535 538 1607 urentis

295 1661 423 1734 Pulvis
465 1661 653 1734 seminum
700 1685 720 1735 e
768 1665 940 1738 subflavo
971 1664 1214 1755 viridescenS,
1262 1658 1393 1736 larino

186 1786 359 1865 semina·
398 1781 558 1888 Sinopis,
595 1810 729 1862 recens
772 1798 928 1884 paratus
971 1792 1011 1864 in
1049 1790 1211 1864 officinis
1239 1792 1391 1882 praesto

187 1915 246 1988 sit.
304 1915 414 2008 Aqua
432 1915 671 1988 humectatus
700 1939 829 1990 auram
860 1919 1019 2011 explicat
1047 1918 1253 2005 volatilem,
1292 1937 1392 1989 acer·

185 2043 329 2115 rimam.

294 2170 346 2242 Ne
376 2170 625 2244 adulteratum
655 2171 704 2244 sit
733 2172 870 2246 Semen
891 2171 1040 2265 Sinapis
1067 2194 1152 2246 curn
1181 2172 1391 2244 seminibus

186 2297 343 2370 aliarum
381 2299 653 2387 cruciferarum,
701 2303 743 2371 ut
784 2299 984 2392 praecipue
1022 2299 1162 2371 semine
1201 2298 1392 2370 Brassicoc

186 2423 312 2519 napae
333 2424 494 2518 (Lina),
533 2425 684 2518 majore,
714 2425 885 2516 laeviora,
915 2425 1076 2498 obscure
1114 2425 1233 2518 lusco,
1263 2426 1388 2498 minus

185 2552 260 2624 acri
280 2557 344 2625 aut
362 2553 503 2626 semine
531 2551 677 2647 Sinopis·
696 2550 793 2624 albae
822 2552 992 2645 (Lina),
1021 2551 1174 2643 majore,
1212 2551 1386 2642 laeviora,

185 2679 295 2754 ssavo.

336 3093 637 3206 Semele
671 3094 1242 3232 sermonumt.

299 3314 454 3390 Generis
470 3317 796 3413 Apocyneaceorum
811 3314 1042 3412 Strophoathi
1056 3315 1201 3408 species
1212 3315 1387 3388 fruticosa

190 3442 338 3517 Africae
357 3445 532 3537 tropicae,
558 3444 814 3517 verosimiliter
840 3443 1101 3539 Strophoatlrus
1127 3442 1289 3538 hispidus
1317 3441 1388 3514 DC.

297 3571 449 3644 Semina
482 3592 647 3662 comosa,
686 3575 845 3662 matura,
884 3572 1035 3662 siccata,
1074 3572 1231 3663 derupto
1264 3574 1388 3642 rostro

186 3698 311 3791 longo,
328 3703 486 3788 comato,
504 3698 700 3771 duodecim
711 3700 759 3772 ad
775 3698 1030 3790 duodeviginti
1041 3697 1251 3770 miilimetra
1264 3695 1389 3786 longa,

184 3826 257 3899 tria
280 3826 328 3898 ad
354 3826 519 3918 quinque
547 3826 758 3899 miliimetra
781 3827 869 3917 lata,
900 3846 1128 3917 compressa,
1157 3824 1389 3920 plano-con-

186 3954 414 4046 vexiuscula,
444 3953 797 4046 oblongo-linearia
823 3958 889 4027 aut
915 3953 1137 4045 lanceolata,
1168 3949 1389 4039 acuminata,

186 4078 223 4150 in
243 4079 356 4156 latere
377 4081 667 4155 convexiusculo
687 4081 822 4154 obtuse
842 4081 1019 4170 carinata,
1047 4078 1203 4171 fragilia,
1227 4078 1391 4150 fractura

186 4207 343 4299 aequali,
372 4209 593 4282 indumento
624 4206 889 4299 crassiusculo,
916 4213 1024 4281 extus
1052 4211 1222 4280 tomento
1248 4204 1387 4296 griseo·

184 4333 291 4406 viridi
306 4357 326 4408 e
342 4336 425 4429 pilis
444 4337 577 4429 longis,
594 4336 797 4429 adpressiS,
813 4333 1228 4410 sericeo-albicantibus
1243 4331 1389 4420 vestito,

184 4462 329 4554 nucleo,
359 4465 568 4558 composito
599 4464 886 4556 epeu‘spermio
915 4463 1030 4555 tenui,
1060 4458 1387 4549 subcartilagineo,

184 4589 322 4663 ilavido
335 4595 370 4664 et
380 4614 425 4665 ex
441 4594 643 4684 embryone
655 4592 751 4681 albo,
763 4592 1087 4682 oleoso-carnoso,
1103 4586 1389 4680 cotyledonibus

183 4716 368 4808 oblongis,
388 4718 555 4792 radicula
574 4718 698 4810 longa,
719 4717 933 4809 cylindrica.
