3500 5450
916 561 1126 634 ..56-

528 778 622 865 Leni
642 779 718 873 igni
739 776 995 873 colliquefacta
1015 786 1051 853 et
1070 781 1192 853 colata
1212 781 1359 854 effunde
1385 781 1423 854 in
1444 776 1644 874 capsulas

422 910 652 982 chartaceas

530 1034 705 1108 Ceratum
724 1035 772 1109 sit
791 1035 927 1108 coloris
948 1034 1032 1125 albi,
1051 1034 1203 1109 minime
1223 1036 1427 1109 rancidum.

769 1356 1022 1466 ceratum
1048 1360 1272 1476 luscum.

420 1565 517 1657 Rpe:
548 1561 740 1664 {implastri
760 1562 958 1663 lliaclrylon
979 1561 1153 1665 simplicis

963 1700 1160 1789 qrammutc
1179 1692 1322 1764 ducenta
1343 1699 1373 1764 et
1393 1700 1495 1788 quin-

1021 1802 1200 1897 quaqinta.
1551 1801 1640 1872 aab

529 1930 684 2003 Caleirat
694 1931 765 2003 sub
777 1931 955 2003 continua
966 1928 1176 2020 agitatione,
1188 1930 1307 2002 donec
1317 1951 1445 2002 massa
1456 1928 1641 2002 colorem

420 2058 690 2150 nigro-fuscum
711 2057 904 2151 acceperit,
925 2057 1012 2131 dcin
1032 2058 1128 2129 adde

548 2184 658 2261 (letae
678 2183 792 2260 flavae
964 2191 1161 2280 yrummctc
1177 2190 1308 2256 centum
1556 2186 1640 2256 100

546 2312 730 2407 lxunglae
751 2310 853 2388 Porci
962 2317 1162 2408 qrauzmatu
1181 2319 1311 2384 contrua
1329 2318 1359 2382 at
1377 2313 1479 2407 quin-

1018 2438 1195 2535 quaqua.
1554 2439 1639 2510 150

528 2568 693 2641 Humore
714 2571 939 2659 consumpto
960 2566 1110 2639 effunde
1130 2566 1169 2638 in
1188 2565 1348 2638 tabulas.

864 2889 1167 3005 Cotoneum.

534 3078 691 3152 Octodou
719 3078 996 3173 vicecomitatus
1020 3077 1250 3171 Lacepede
1280 3082 1317 3149 et
1345 3077 1440 3150 aliae
1471 3078 1634 3170 species

419 3230 600 3301 generum
625 3207 783 3280 Catodon
803 3212 838 3279 et
856 3206 1037 3303 Physcter,
1064 3205 1209 3277 incolae
1235 3205 1456 3298 praesertim
1488 3207 1633 3278 oceani

418 3336 573 3428 pacifici.
603 3334 828 3408 Mammulia.
859 3333 1048 3407 Nutantic.
1085 3331 1328 3405 t'utodontidc.

529 3463 619 3536 Pars
645 3463 766 3536 solida
794 3463 976 3554 depurata
1004 3460 1236 3534 substantiae
1259 3460 1521 3553 semiliquidae
1540 3460 1630 3552 pin·

417 3590 500 3681 guis
520 3592 578 3663 sui
598 3592 755 3683 generis,
774 3589 813 3662 in
833 3589 935 3661 cavis
952 3587 1193 3681 amplissimis
1213 3586 1343 3679 capitis
1364 3587 1628 3679 ductibusquc

419 3717 662 3790 subcutaneis
683 3718 896 3791 dorsalibus
916 3721 1124 3790 contentae.

528 3844 695 3919 Occurrit
730 3846 769 3918 in
810 3845 951 3918 massis
984 3841 1441 3934 lamellosocrystallinis,
1481 3842 1627 3914 coloris

418 3972 611 4062 albissimi,
641 3973 808 4045 conchae
835 3973 1019 4045 unionum
1039 3971 1159 4043 instar
1186 3969 1401 4057 nitentibus
1427 3969 1626 4061 subpellu·

419 4100 523 4189 cidis
543 4106 645 4173 tactu
663 4099 823 4189 lubricis,
844 4099 1058 4188 friabilibuS,
1073 4097 1252 4191 ponderis
1267 4096 1429 4189 specifici
1444 4098 1539 4169 094
1555 4119 1622 4170 us-

418 4250 492 4322 que
516 4230 618 4316 oab,
639 4217 761 4300 calore
787 4227 885 4300 circa
913 4228 988 4301 50⁰
1015 4224 1327 4318 liquescentibus
1347 4225 1422 4295 lere
1447 4223 1623 4297 inodoris

417 4363 454 4430 et
481 4354 663 4448 insipidis,
682 4355 720 4427 in
750 4355 899 4427 aethere
921 4353 1013 4426 etin
1033 4353 1164 4445 spiritu
1184 4352 1260 4425 vini
1286 4351 1484 4424 ebulliente
1515 4354 1622 4425 solu-

414 4485 565 4556 bilibus

526 4611 726 4683 Cetaceum
745 4610 897 4698 ssavum,
916 4609 1113 4682 rancidum
1131 4607 1329 4700 rejiciatur.

531 4739 704 4810 Ceratum.
734 4733 950 4834 Unyucntum
969 4735 1151 4808 emolliens,
