3500 5450
671 579 721 587 ·-
757 539 830 610 199
864 579 914 588 -

194 756 430 848 Camphorae
442 756 581 848 similis,
593 756 738 848 saporis
755 755 958 843 aromatici,
968 754 1147 846 ponderis
1160 754 1398 846 specuum).

194 883 239 955 In
270 884 401 976 spiritu
437 883 514 956 vini
553 888 792 955 concentrato
823 881 995 954 facillime
1025 881 1192 968 solubile,
1221 881 1398 973 temporis

193 1016 315 1084 tractu
334 1011 563 1104 stearopteni
583 1010 756 1103 exiguam
778 1010 1024 1102 quantitatem
1045 1009 1207 1101 deponit.
1299 1009 1302 1014 ’

303 1137 547 1210 linimentum
565 1138 1036 1235 repuncta-camphorainm.
1072 1135 1292 1234 Unpuentnm
1318 1158 1398 1208 aro·

195 1266 374 1340 mutinum.

585 1587 769 1696 oleum
795 1586 1025 1696 Santoli.

308 1813 337 1884 E
357 1812 459 1903 ligno
480 1811 622 1886 Suatoii
642 1810 714 1883 aiii
736 1809 889 1906 (Linn.)
908 1815 1091 1903 paratum,
1112 1809 1246 1882 eoloris
1265 1810 1400 1902 pallide

198 1939 293 2028 ssavi,
314 1938 440 2011 odoris
460 1939 568 2011 valde
590 1938 793 2027 aromatici,
814 1938 961 2030 saporis
981 1937 1172 2010 aromatici
1190 1937 1399 2029 pungentia,

198 2067 374 2160 ponderis
390 2088 489 2160 spec.
504 2069 632 2155 0·960,
647 2066 845 2139 reactionis
864 2065 1032 2138 neutrius
1053 2069 1117 2137 aut
1133 2065 1246 2158 paulo
1262 2065 1400 2154 acidae,

198 2194 236 2266 in
255 2195 385 2286 spiritu
407 2195 482 2267 vini
502 2199 743 2267 concentrato
764 2193 870 2266 facile
891 2193 1058 2265 solubile.

205 2520 501 2630 oleum
525 2517 853 2655 streame
874 2521 1400 2630 aethereum.

551 2747 684 2851 Allylii
703 2746 1042 2850 Sulfocyanidum.

309 2943 338 3014 E
359 2943 569 3017 seminibus
591 2944 741 3037 Sinopis
761 2944 902 3036 nigrae,
924 2946 973 3017 ob
994 2944 1077 3016 oleo
1098 2943 1228 3035 pingui
1249 2962 1399 3034 expres·

203 3070 309 3143 sione
348 3071 513 3144 liberatis
556 3076 741 3163 paratum,
788 3072 837 3143 sit
884 3091 1018 3143 recens
1067 3070 1231 3159 decolor,
1279 3069 1400 3162 limpi-

202 3198 304 3288 dum,
336 3198 463 3271 odoris
499 3196 820 3290 penetrantissimi
851 3196 961 3287 acria,
989 3196 1137 3288 saporis
1162 3196 1326 3282 urentis;
1360 3196 1400 3269 in

202 3331 285 3399 cute
302 3347 379 3419 qua
392 3325 630 3399 rubefaciens
653 3326 738 3417 agit.
758 3324 812 3397 Sit
831 3324 1013 3419 ponderis
1035 3345 1135 3417 spec.
1154 3324 1401 3411 1·01—1·ou,

202 3454 273 3526 sub
294 3456 549 3545 temperatura
572 3452 671 3524 148Ο
699 3452 836 3525 ebullit.
857 3452 995 3525 Facilie
1014 3453 1053 3524 in
1073 3451 1203 3544 spiritu
1222 3450 1296 3522 vini
1316 3472 1402 3523 con-

203 3583 370 3653 centrato
401 3583 438 3652 et
463 3578 502 3650 in
527 3578 688 3666 aethere,
707 3600 840 3670 parum
868 3580 907 3650 in
933 3600 1033 3670 aqua
1062 3577 1232 3663 solvitur;
1264 3577 1401 3650 solutio

203 3728 349 3800 aquosa
383 3706 456 3778 cito
485 3705 781 3799 decomponitur.
812 3705 946 3778 Oleum
974 3726 1042 3798 per
1069 3705 1217 3797 longius
1251 3710 1402 3797 tempus

201 3835 276 3908 luci
304 3834 530 3927 expositum,
559 3832 681 3906 induit
714 3834 879 3905 colorem
912 3833 1190 3906 rutilo-fuscum
1228 3837 1264 3904 et
1305 3832 1402 3905 sedi·

202 3968 371 4036 mentum
392 3960 542 4034 sordide
563 3963 820 4034 aurantiacum
841 3962 1004 4054 deponit.

312 4088 445 4163 Guttae
466 4089 598 4161 decem
618 4089 690 4161 olei
710 4110 795 4161 cum
825 4089 989 4180 quinque
1010 4087 1235 4161 centimetn's
1265 4086 1403 4161 cubicis

203 4219 299 4292 acidi
327 4217 495 4291 sulfun'ci
526 4217 757 4290 concentrati
790 4218 940 4306 mixtae,
980 4217 1205 4289 solutionem
1244 4193 1405 4287 efficiant

201 4345 408 4438 limpidum,
428 4345 489 4417 vix
509 4345 640 4419 autad
660 4365 850 4417 summum
870 4346 1007 4417 flavam
1027 4344 1240 4416 coloratam.
1267 4345 1268 4348 ’

312 4475 487 4546 Servetur
507 4494 595 4545 vase
615 4472 711 4545 bene
739 4474 881 4561 clauso,
903 4472 951 4543 ab
970 4472 1065 4544 lucis
1086 4475 1123 4545 et
1141 4471 1238 4543 ae'ris
1263 4470 1404 4542 influxu

203 4605 400 4673 remotum.

312 4726 470 4822 Spiritus
491 4725 649 4821 Sinopis.
