3500 5450
675 568 861 644 ..7-.

278 789 320 865 In
346 811 447 885 aqua
473 790 645 863 facillime
666 791 875 879 solvuntur,
902 791 1093 863 aetherem
1113 790 1171 863 vel
1198 789 1370 884 spiritum

171 918 244 990 vini
265 921 548 991 concentratum
569 918 803 990 comburunt.

277 1045 319 1118 ln
338 1065 430 1117 vase
450 1045 658 1138 epistomeo
679 1043 795 1117 vitreo
817 1045 947 1117 clauso
967 1049 1175 1117 serventur.

523 1329 745 1439 Acidum
771 1332 1053 1439 uitricum,

278 1554 452 1647 Crystalli
482 1554 730 1647 prismaticae,
764 1555 972 1645 decolores,
1005 1556 1044 1627 in
1073 1562 1160 1627 aere
1190 1555 1365 1628 immuta·

169 1684 272 1771 biles,
293 1682 364 1754 sub
392 1681 467 1754 leni
486 1687 741 1775 temperatura
773 1684 962 1771 fatiscunt,
992 1683 1121 1756 altiore
1155 1682 1370 1775 liquescunt

170 1815 205 1883 et
233 1808 566 1901 decomponuntur.
596 1808 803 1882 Solvuntur
821 1810 994 1883 facillime
1018 1810 1056 1883 in
1078 1832 1188 1902 aqua,
1209 1810 1316 1884 facile
1330 1811 1369 1883 in

170 1936 304 2030 spiritu
319 1935 406 2025 vini,
427 1937 611 2010 difficilius
630 1939 669 2010 in
691 1939 850 2012 aethere.

278 2063 421 2137 Solutio
437 2086 595 2157 aquosa,
616 2088 717 2160 aqua
732 2066 844 2139 calcis
860 2066 1009 2138 abunde
1021 2070 1202 2155 saturata,
1214 2065 1368 2158 limpida

169 2198 374 2286 permanet,
396 2192 532 2284 quodsi
557 2199 684 2267 autem
700 2194 927 2267 solutionem
947 2194 995 2265 ad
1011 2193 1252 2266 ebulitionem
1271 2194 1366 2266 cale·

168 2320 308 2408 feceris,
318 2319 441 2411 liquor
456 2320 628 2392 turbatur
638 2321 933 2393 etsedimentum
945 2321 1071 2397 album
1082 2320 1251 2410 demittit,
1267 2321 1367 2415 quod

169 2469 259 2520 vase
278 2448 374 2520 bene
389 2450 487 2519 tecto
508 2448 580 2520 sub
599 2448 877 2539 refrigeratione
893 2468 1050 2540 prorsus
1065 2468 1185 2541 paene
1201 2449 1368 2523 solvitur.

278 2573 422 2647 Solutio
443 2595 601 2667 aquosa,
627 2575 744 2666 baryo
771 2574 904 2648 uitrico
924 2580 990 2648 aut
1011 2577 1201 2648 ammonio
1222 2576 1369 2649 oxalico

168 2702 324 2794 adJecto,
347 2701 503 2796 limpida
522 2708 683 2792 maneat,
704 2704 763 2777 vel
782 2709 871 2797 post
889 2703 1038 2795 longius
1059 2704 1239 2796 temporis
1259 2705 1368 2778 inter-

170 2830 309 2904 vallum
353 2830 484 2903 leviter
518 2830 670 2903 nonnisi
705 2831 890 2918 turbetur;
927 2853 1028 2925 aqua
1051 2831 1370 2923 hydrosulfurata,

172 2958 232 3030 vel
253 2958 499 3051 superaddita
518 2958 719 3047 ammonia,
738 2979 786 3031 ne
806 2963 981 3031 mutetur.

281 3084 452 3177 Crystalli
477 3086 585 3158 acidi
618 3087 743 3176 citrini,
775 3108 860 3158 cum
891 3088 1042 3181 octupla
1060 3107 1183 3181 usque
1214 3089 1370 3181 decupla

173 3211 381 3304 quant‘tate
408 3212 503 3285 acidi
529 3213 697 3288 sulfurici
724 3215 953 3287 concentrati
973 3215 1111 3287 mixtae
1138 3222 1175 3287 et
1195 3215 1243 3287 ad
1267 3217 1366 3288 1000

171 3337 386 3427 calefactae,
407 3340 445 3414 in
474 3341 657 3433 liquorem
686 3342 882 3436 limpidum
910 3344 1052 3416 luteum
1072 3343 1278 3432 solvantur,
1307 3344 1370 3437 qui

173 3467 296 3539 calore
313 3467 427 3541 etiam
441 3475 630 3563 protracto
646 3492 716 3544 nec
730 3492 776 3544 ex
789 3473 905 3545 rubro
921 3473 1070 3544 fuscum
1085 3491 1208 3564 neque
1223 3471 1370 3542 fuscum

172 3594 337 3696 colorem
353 3595 498 3670 induat.

278 3722 320 3795 ln
358 3723 498 3798 lamina
536 3725 699 3819 platinea
734 3727 954 3799 calefactum
988 3725 1122 3797 cineris
1159 3725 1367 3798 sedimento

170 3851 375 3943 perexiguo
395 3852 523 3925 relicto
543 3853 654 3945 plane
675 3854 808 3927 avolet.

279 3977 380 4051 Potio
399 3978 574 4076 Monocoli
593 3981 703 4053 uitrici
722 3978 949 4074 effervescens.

172 4263 392 4373 Acidum
434 4264 911 4406 hydrochloricum
949 4270 1369 4374 concontratum.

391 4458 569 4536 Acidum
591 4458 848 4537 muriatioum
873 4462 1196 4537 concontratum.

283 4615 423 4709 Liquor
452 4616 642 4710 limpiduS,
674 4617 833 4705 decolor,
863 4617 992 4691 odoris
1028 4617 1123 4690 acidi
1156 4619 1371 4711 pungentia.

173 4743 376 4816 calefactus
395 4743 506 4836 plane
526 4745 693 4834 evolanS,
714 4745 891 4837 ponderis
912 4744 1074 4838 specifici
1100 4745 1198 4817 lla.
