3500 5450
675 536 917 612 -aat-

318 749 485 822 Massam
505 750 681 825 siccatam
700 753 855 826 immitte
874 753 912 824 in
933 752 1172 838 turribulum,
1193 754 1292 844 quod
1312 754 1407 826 bene

205 882 352 966 tectum,
364 876 411 948 ad
421 875 761 952 incandescentiam
782 879 937 968 calefiat,
959 879 1136 972 quamdiu
1149 880 1404 972 parsemedio

203 1024 352 1076 massae
372 1006 553 1095 exempta,
573 1005 679 1078 acido
700 1006 822 1079 affuso
842 1007 1059 1079 effervescit.

314 1129 488 1222 Oxydum
506 1130 661 1222 ignitum
679 1131 718 1205 in
736 1133 928 1225 pulverem
947 1133 1138 1206 redactum
1158 1133 1297 1205 invase
1310 1134 1405 1207 bene

205 1258 333 1331 clauso
353 1279 472 1331 serva.

314 1384 368 1458 Sit
386 1383 508 1478 pulvis
525 1384 645 1472 albus
667 1386 823 1474 subtilia,
844 1387 1002 1460 durante
1022 1385 1197 1477 ignitione
1218 1388 1348 1473 ssavus
1369 1387 1406 1458 in

207 1511 321 1585 acidis
356 1511 435 1584 sine
471 1511 755 1586 effervescentia
792 1513 973 1586 solubilis.
1012 1511 1165 1603 Solatia,
1204 1534 1274 1606 ope
1313 1513 1406 1586 acidi

205 1638 331 1711 acetici
364 1639 507 1727 effecta,
541 1659 639 1732 aqua
667 1640 971 1732 hydrosulsurata
999 1640 1284 1733 praecipitatum
1312 1663 1405 1733 pure

204 1767 329 1840 album
349 1767 521 1856 demittat
546 1768 735 1839 ammonia
754 1768 901 1841 abunde
916 1766 1063 1857 adjecta
1076 1767 1403 1861 limpidamaneat‚

205 1893 391 1967 ammonio
412 1887 761 1968 oxalicoautnatrio
776 1894 1032 1987 phosphorico
1052 1917 1099 1968 ne
1120 1894 1301 1968 turbetur.

311 2021 436 2095 Pulvis
456 2022 560 2095 Zinci
580 2021 730 2113 oxydati
751 2043 835 2094 cum
856 2043 955 2114 aqua
984 2021 1170 2096 destillata
1200 2028 1404 2116 quassatus

205 2149 388 2242 liquorem
402 2150 590 2243 praebeat,
607 2148 670 2242 qui
685 2150 845 2223 filtratus
866 2156 903 2222 et
923 2155 1148 2241 evaporatus
1168 2150 1244 2224 fere
1260 2151 1405 2223 nullum

204 2276 395 2351 residuum
414 2276 596 2369 relinquit.

347 2515 696 2641 mercum
732 2527 1264 2666 saltatricum.

315 2714 485 2806 Crystalli
504 2713 751 2807 prismaticae,
772 2714 976 2802 decolores
997 2713 1073 2786 aeri
1093 2713 1193 2787 sicco
1215 2714 1406 2806 expositae

204 2845 302 2916 lente
313 2843 538 2929 fatiscentes
548 2844 586 2913 in
596 2828 696 2933 aqua
705 2841 876 2914 facillime
888 2841 1079 2914 solubiles.
1093 2842 1236 2915 Solutio
1250 2864 1407 2933 aquosa,

205 2971 403 3044 reactionis
420 2969 560 3058 acidae,
571 2969 697 3042 addito
709 2970 823 3061 baryo
835 2968 966 3042 nitrico
976 2969 1258 3062 praecipitatum
1270 2969 1408 3059 album,

205 3097 243 3170 in
280 3097 394 3170 acidis
431 3096 628 3169 insolubile
668 3096 844 3183 demittit;
882 3096 1044 3169 natrium
1082 3095 1409 3187 hydrooxydatum

205 3224 485 3317 praecipitatum
505 3223 639 3313 album,
660 3224 698 3296 in
719 3223 921 3297 excedente
935 3227 1111 3315 reagente
1127 3223 1285 3296 solubile
1299 3224 1410 3297 elficit

206 3356 243 3425 et
261 3372 306 3424 ex
325 3351 396 3424 hac
412 3351 595 3425 solutione
606 3350 1175 3444 aquahydrosuliuratazincum
1186 3352 1407 3425 sulfuratum

206 3478 341 3551 coloris
362 3477 435 3550 albi
454 3479 662 3572 deponitur.

316 3604 456 3679 Solutio
474 3627 619 3699 aquosa
637 3607 685 3679 sit
702 3606 852 3679 decolor
869 3627 949 3693 nec,
967 3607 1073 3680 acido
1092 3606 1267 3680 sulfurico
1285 3605 1408 3677 acidu-

206 3734 291 3822 lata‚
325 3753 423 3825 aqua
455 3733 758 3825 hydrosuliurata
795 3735 976 3821 turbetur,
1014 3756 1083 3807 nec
1121 3733 1227 3807 acido
1261 3734 1409 3805 tarmico

207 3860 381 3948 admixtu,
412 3861 574 3933 colorem
599 3865 914 3934 atramentaceum
932 3862 1071 3953 induat
1100 3883 1169 3934 nec
1194 3860 1410 3933 abmrdante

207 3987 396 4060 ammonia
422 3987 701 4080 praecipitatum
740 3988 913 4080 deponat.
943 3989 1188 4081 Superaddito
1220 3986 1408 4059 ammonio

208 4114 388 4187 sulfurato
424 4115 606 4206 liquorem
638 4115 826 4207 praebeat,
861 4114 924 4207 qui
958 4136 981 4186 a
1010 4115 1220 4188 sedimento
1249 4113 1408 4186 filtratus

208 4240 470 4333 evaporatione
490 4246 526 4313 et
544 4240 719 4333 ignitione
738 4241 929 4314 residuum
947 4242 1090 4315 nullum
1109 4242 1293 4334 relinquit.
1395 4277 1397 4283 ·

316 4367 359 4440 ln
378 4373 559 4460 apparatu
592 4368 744 4441 Marshii
771 4372 967 4456 tentatum,
996 4388 1042 4440 ne
1072 4369 1228 4461 vestigia
1252 4366 1409 4441 arsenici

208 4494 353 4587 prodat.

323 4621 513 4718 Collyrium
534 4620 755 4717 adstrinpeus
776 4620 916 4693 luteum.
