3500 5450
923 498 1135 569 -gg-

430 716 556 807 ampli,
591 737 708 790 unum
740 719 789 791 ad
823 721 894 793 tria
928 713 1140 786 millimetra
1177 714 1304 799 crassi,
1340 713 1433 801 duri,
1468 712 1639 805 fragiles

430 841 593 916 fractura
621 845 780 937 aequali,
810 846 945 920 coloris
973 840 1209 928 rubro-lusci,
1247 839 1366 933 opaci,
1395 840 1639 914 extrinsecus

432 971 653 1065 plerumque
686 975 830 1067 passim
861 972 1021 1048 residuis
1050 969 1311 1064 peridermatis
1341 967 1463 1061 grisei,
1502 967 1640 1041 odoris

432 1099 633 1189 peculiaris
654 1107 756 1193 grate
787 1102 990 1189 aromatici,
1024 1095 1174 1192 saporis
1195 1096 1290 1169 acris
1309 1097 1513 1185 aromatici,
1544 1097 1639 1170 sub·

431 1225 549 1300 dulcis
572 1234 608 1300 et
628 1228 907 1323 adstringentis,
926 1234 1117 1324 postremo
1137 1225 1410 1316 mucilaginosi.

540 1371 621 1464 Ope
640 1374 875 1467 microscopii
895 1372 1064 1468 inprimis
1090 1369 1310 1443 observabis
1335 1369 1374 1442 in
1399 1371 1474 1443 tela
1499 1369 1643 1442 intima

430 1498 668 1592 mesopbloei
687 1505 848 1574 stratum
867 1501 971 1575 baud
997 1499 1215 1573 continuum
1245 1518 1264 1568 e
1294 1496 1436 1570 cellulis
1465 1497 1640 1571 soleren-

429 1625 658 1717 chymaticiS,
678 1628 793 1702 fibras
808 1629 1036 1717 fusiformes‚
1055 1632 1199 1713 tenues
1219 1626 1355 1713 laeves,
1376 1626 1567 1716 complete
1584 1625 1642 1697 in·

429 1759 634 1843 crassatus,
659 1775 728 1848 per
752 1754 887 1827 librum
925 1755 1099 1828 radiatim
1136 1753 1339 1844 dispersas.
1372 1751 1644 1843 utriculosque

429 1879 605 1973 copiosos
644 1887 680 1955 et
717 1882 941 1974 mutilagine
981 1887 1018 1955 et
1055 1882 1138 1955 oleo
1177 1879 1354 1952 aethereo
1392 1879 1561 1971 repletos
1603 1880 1644 1952 in

427 2007 720 2100 parerrchymate
741 2010 909 2101 amylum
929 2009 1181 2102 compositum
1200 2010 1362 2100 gerente.

538 2152 648 2247 Aqua
691 2152 915 2226 Ciuuomouu‘
951 2153 1095 2249 simplex
1131 2159 1162 2223 et
1205 2152 1408 2247 spirituum.
1457 2151 1645 2249 syropus.

431 2275 612 2350 Tinctum.
652 2283 761 2374 Aqua
799 2281 993 2353 aromatico
1030 2280 1232 2375 spirituoso.
1281 2276 1465 2351 Dccoctuue
1505 2277 1645 2352 Sarsu-

423 2404 579 2499 porillue
629 2406 853 2501 compositum
906 2407 1039 2480 mitius.
1095 2406 1335 2479 ll’lectuuriuur
1382 2407 1644 2478 (tranaticum.

428 2530 562 2626 Species
580 2535 823 2605 amaricantes.
847 2532 1005 2629 Spiritus
1019 2533 1239 2606 aromaticus.
1266 2534 1434 2607 Tiucturu
1449 2533 1649 2606 Absintlrii

428 2659 624 2756 composito.

727 2998 922 3110 Cortex
949 2999 1333 3145 dondurango.

539 3223 736 3297 Gouolobus
769 3222 1001 3320 Conduruupo
1039 3226 1243 3314 Trione,
1276 3227 1399 3298 frutex
1435 3224 1647 3298 scandens

425 3351 590 3425 Andium
610 3352 803 3426 Americae
824 3355 1100 3446 aequaton‘alis.
1121 3354 1416 3450 Asclepiodorum.

538 3479 673 3553 Cortex
701 3481 823 3554 trunci
859 3503 1127 3576 ramorumque
1164 3484 1326 3557 siccatus
1363 3503 1576 3556 occurrens
1605 3482 1647 3553 in

425 3605 553 3680 frustis
574 3608 785 3682 convolutis
812 3613 849 3682 et
867 3610 1136 3698 canaliculatis‚
1163 3611 1318 3698 levibus,
1346 3631 1464 3683 unum
1490 3610 1542 3681 ad
1568 3610 1648 3682 tria

427 3735 646 3809 centimetra
679 3737 775 3826 latis,
809 3759 929 3810 unum
963 3740 1010 3810 ad
1044 3740 1210 3832 quinque
1234 3738 1446 3811 millimetra
1478 3738 1647 3826 crassis,

423 3860 582 3935 obtectis
603 3864 853 3956 peridermate
878 3866 1197 3959 griseo-subfusco
1227 3871 1293 3939 out
1322 3866 1439 3954 lusco,
1467 3865 1647 3957 longitu-

424 3988 596 4063 dinaliter
615 4013 756 4084 rugoso
777 3998 852 4082 aut,
872 3999 915 4067 ut
933 3993 1238 4081 invalidioribus
1253 3993 1647 4081 verrucoso·rimos0‚

422 4116 705 4210 subsquamoso
725 4120 785 4192 vel
806 4121 1080 4211 sublessellato,
1100 4122 1139 4194 in
1156 4122 1273 4194 latere
1294 4119 1469 4194 interiore
1484 4121 1645 4213 griseo·

420 4244 625 4335 subfuscis,
642 4268 772 4338 grosse
789 4247 942 4337 striatis,
957 4249 995 4321 in
1010 4249 1173 4322 fractura
1186 4247 1334 4320 librosis
1345 4249 1647 4340 autsubgranu·

419 4372 518 4459 latio,
538 4372 577 4445 in
596 4374 764 4448 sectione
789 4380 1008 4448 transversa
1037 4375 1181 4464 albidis,
1207 4374 1366 4447 maculis
1392 4380 1457 4448 aut
1475 4379 1647 4467 punctis

421 4500 656 4574 ssavo-luscis
695 4501 838 4574 ornatis
876 4506 913 4574 ot
950 4502 988 4574 in
1027 4503 1157 4575 intima
1193 4506 1300 4596 parte
1338 4502 1398 4574 uix
1428 4504 1648 4579 manifeste

418 4627 592 4700 radiatim
617 4627 770 4700 striatis.
807 4627 888 4719 Ope
917 4630 1148 4721 microscopii
1178 4630 1417 4702 inveniuntur
1446 4632 1646 4725 copiosae
