3500 5450
909 531 1123 605 ,49-

417 748 622 838 vaniflacei,
662 749 937 843 aliquantulum
971 751 1286 845 empyreumatici‚
1321 750 1470 847 saporis
1511 751 1623 841 acris

418 877 621 951 subamari.

525 1005 687 1078 Solvitur
720 1005 872 1098 limpide
901 1005 941 1078 in
970 1007 1116 1099 aequali
1153 1008 1321 1101 pondere
1355 1008 1508 1101 spiritus
1543 1007 1620 1079 vini

417 1133 659 1207 concentrati.
689 1132 854 1207 Balsami
872 1139 1000 1227 partes
1029 1139 1105 1207 tres
1130 1138 1277 1227 partem
1302 1155 1417 1207 unam
1439 1135 1620 1208 carbonei

416 1261 591 1335 suffurati
634 1262 849 1351 absorbent,
895 1261 985 1353 quin
1018 1262 1227 1350 turbentur,
1261 1284 1392 1335 verum
1421 1268 1505 1336 octo
1535 1261 1618 1335 aliis

416 1389 586 1479 partibus
616 1388 697 1481 ejus
718 1389 864 1478 additia,
893 1389 1022 1462 resina
1041 1411 1061 1462 e
1081 1390 1187 1463 fusco
1216 1389 1325 1481 nigra
1344 1391 1617 1484 praecipitatur.

414 1515 556 1608 Liquor
583 1516 669 1589 inde
695 1517 839 1590 effusus
865 1516 1052 1609 limpidus,
1082 1517 1340 1605 fusco-flavus
1369 1518 1472 1590 nullo
1500 1518 1617 1589 modo

414 1644 628 1717 fluorescat.
692 1644 834 1718 Solutio
878 1643 1043 1717 Balsami
1090 1644 1128 1716 in
1171 1644 1331 1717 benzino
1380 1632 1617 1717 exhalatione

415 1778 627 1865 spontanea
653 1772 846 1845 residuum
866 1772 1060 1844 oleaceum
1080 1771 1292 1844 subflavum
1306 1772 1470 1864 praebet,
1499 1773 1617 1865 quod,

413 1900 546 1973 leniter
561 1899 792 1988 calefactum,
808 1920 933 1991 neque
945 1899 1262 1987 Terebinthinam
1276 1920 1399 1991 neque
1411 1900 1618 1991 Styracem,

414 2049 536 2120 neque
546 2026 766 2099 Balsamum
777 2026 1150 2119 Copaivaeredoleat.
1160 2026 1325 2098 Balsami
1335 2031 1462 2117 guttae
1474 2027 1618 2117 decem,

414 2176 499 2228 cum
526 2155 621 2227 acidi
655 2153 823 2227 sulfurici
859 2155 1088 2228 concentrati
1116 2155 1230 2246 guttis
1258 2154 1389 2246 viginti
1422 2156 1618 2245 contritae,

414 2282 634 2356 mixtionem
651 2282 859 2374 praebeant
878 2282 1124 2373 aequabilem,
1145 2286 1326 2369 tenacem,
1356 2282 1491 2355 coloris
1511 2305 1616 2355 cera·

413 2409 501 2499 sini,
547 2430 643 2501 quae
681 2409 796 2503 paulo
836 2415 924 2503 post
965 2430 1064 2501 aqua
1098 2408 1230 2500 frigida
1269 2408 1386 2499 eluta,
1421 2410 1617 2484 residuum

411 2536 633 2626 resinosnm,
649 2537 784 2630 frigore
801 2538 930 2630 fragile
945 2537 1141 2629 relinquat.
1162 2536 1256 2609 Cum
1272 2558 1372 2629 aqua
1386 2537 1617 2612 destillatum

414 2665 633 2739 Balsamum
660 2665 916 2740 Peruvianum
942 2686 990 2740 ne
1018 2665 1197 2760 praebeat
1229 2665 1354 2738 oleum
1386 2665 1617 2739 aethereum·

524 2794 769 2889 Emplastrum
793 2794 1038 2891 Auaticorum.
1071 2792 1314 2888 Emplastrum
1348 2793 1616 2866 Cantharidum.

411 2919 572 2995 Matura
590 2920 917 2994 oleoso-balsamico.

669 3206 982 3316 Balsamum
1007 3207 1351 3325 'l'olutanum

521 3430 1614 3527 ToluiseraBalsumumLinn,arborindigenainllmerica

409 3560 655 3648 meridionali,
703 3560 927 3652 praesertim
965 3560 1005 3631 in
1042 3559 1189 3633 civitate
1226 3559 1357 3632 Nova·
1372 3558 1614 3633 Granatensi.

411 3684 671 3783 Lequrninosae.
700 3685 981 3782 Papilionoceae.

515 3814 641 3887 Massa
673 3814 732 3887 vel
768 3814 989 3904 semifluida,
1023 3813 1296 3887 terebinthinae
1330 3812 1608 3905 consistentiae,

406 3940 560 4029 riscida,
593 3941 693 4014 flava
722 3947 788 4014 aut
811 3942 1059 4032 rubro-fusca,
1088 3941 1158 4029 vel,
1187 3962 1255 4032 per
1281 3940 1430 4031 longius
1458 3946 1610 4033 tempus

405 4068 580 4160 reposita,
618 4069 747 4158 solida,
786 4070 968 4159 resinosa,
1006 4069 1171 4157 friabilis,
1200 4067 1398 4161 pellucida,
1428 4068 1610 4140 calefacta

405 4196 663 4284 emollescens,
680 4197 804 4269 odoris
820 4196 985 4269 Balsami
1000 4196 1199 4269 Peruviani
1214 4194 1438 4282 suavissimi,
1460 4195 1610 4287 saporis

404 4322 597 4396 subdulcis
617 4344 702 4395 cum
721 4324 793 4396 levi
815 4323 1002 4396 acredine.

514 4449 568 4522 Sit
581 4448 749 4524 solubilis
764 4450 802 4521 in
818 4450 954 4542 spiritu
973 4450 1048 4522 vini
1065 4455 1318 4539 concammio,
1339 4445 1610 4522 chlorosormio

404 4584 441 4652 et
468 4578 507 4651 in
535 4579 632 4650 kalio
660 4577 945 4669 bydrooxydato
976 4577 1110 4665 soluto,
1150 4578 1213 4649 sed
1254 4598 1331 4650 non
1362 4576 1533 4650 solubilis
1570 4577 1611 4650 in

403 4706 562 4779 benzino
584 4705 678 4779 etin
698 4705 886 4778 carboneo
906 4705 1101 4777 sulfurato.
1500 4698 1511 4713 ’
