3500 5450
647 532 860 604 „49-

258 747 418 821 Mixtura
446 748 592 822 calefiat
620 749 740 823 donec
773 750 866 823 odor
895 750 1012 824 chlori
1041 752 1242 843 evanuerit,
1270 758 1348 827 turn

151 875 276 966 digere
295 876 478 969 liquorem
498 877 673 950 addendo

287 1002 395 1080 calcu
417 1000 680 1104 hydrooxydctl
732 1014 929 1103 promoturo
948 1006 1058 1079 decem
1302 1010 1349 1083 10

149 1154 216 1226 per
236 1133 473 1222 semihoram,
495 1133 580 1206 dein
600 1134 706 1207 filtra.

258 1260 408 1333 Fillrato
428 1260 593 1354 limpido,
613 1262 720 1335 acido
741 1262 881 1335 ucetico
902 1263 1017 1335 diluto
1035 1264 1233 1353 acidulatO,
1251 1265 1347 1337 adde

151 1388 325 1460 continue
346 1387 521 1479 agitando
543 1388 770 1462 solutionem
790 1412 835 1462 ex

286 1511 396 1591 datm
418 1511 654 1615 phosphorici
693 1518 865 1613 prommis
882 1519 1038 1591 trecentis
1054 1520 1235 1616 necopinta
1271 1519 1348 1592 360

149 1629 186 1697 et
286 1733 407 1833 lurco
428 1676 638 1811 dcstlllatoc
658 1731 820 1810 fervidae

651 1870 886 1959 prummutum
905 1863 1041 1938 duobus
1060 1864 1214 1937 millibus
1243 1867 1348 1939 ο2000

148 1978 330 2065 paratam.

258 2101 515 2174 Sedimentum
524 2101 608 2174 inde
620 2105 760 2193 nalum,
772 2108 860 2195 post
870 2102 1012 2196 aliquot
1021 2104 1135 2176 horas
1146 2102 1184 2174 in
1194 2102 1348 2175 linteum

147 2230 343 2303 humidum
377 2229 583 2318 collectum,
622 2249 721 2322 aqua
754 2230 847 2318 elue,
877 2231 997 2303 donec
1024 2230 1146 2324 liquor
1175 2231 1347 2304 defluxus

149 2356 256 2429 acido
273 2356 402 2430 uitrico
418 2356 638 2445 acidulatuS,
659 2363 812 2449 argento
832 2357 962 2431 uitrico
977 2357 1171 2451 paululum
1186 2358 1349 2446 nonnisi,

148 2486 350 2577 opalescat‚
383 2492 463 2558 tum
487 2485 620 2559 leniter
649 2486 869 2560 calefactum
897 2485 1056 2560 siccetur
1084 2492 1121 2560 et
1149 2486 1349 2560 contritum

147 2618 325 2686 servetur.

254 2741 381 2814 Pulvis
398 2742 515 2831 albus,
530 2743 633 2831 levis
649 2741 897 2834 crystallinus
913 2743 950 2814 in
962 2764 1062 2835 aqua
1075 2742 1295 2832 insolubilis,
1310 2742 1349 2814 in

144 2870 252 2942 acido
268 2869 407 2943 arctico
424 2871 554 2961 frigido
571 2869 777 2957 difficulter,
796 2869 835 2942 in
856 2870 982 2959 acidis
999 2875 1036 2943 et
1049 2869 1347 2961 hydrochlorico,

146 3003 183 3069 et
201 2997 332 3069 uitrico
352 2997 480 3084 dilutn,
500 2997 580 3070 sine
601 2996 882 3071 effervescentia
900 3002 1071 3089 prompte
1092 2996 1272 3068 solubilis

256 3125 398 3199 Solutio
423 3125 554 3198 nitrica
582 3147 666 3196 curn
693 3129 847 3216 argento
872 3123 1003 3196 nitrico
1030 3123 1147 3196 mixta
1176 3129 1212 3196 et
1240 3131 1347 3198 caute

147 3251 337 3324 ammonia
350 3252 605 3340 neutralisata,
615 3251 899 3345 praecipitatum
913 3273 1015 3325 mere
1032 3251 1180 3337 ssavum,
1191 3249 1230 3322 in
1242 3272 1347 3323 exce·

147 3381 257 3452 dente
270 3380 460 3452 ammonia
473 3385 509 3453 et
522 3380 560 3452 in
572 3380 678 3452 acido
689 3379 819 3452 uitrico
830 3379 981 3473 limpide
992 3378 1148 3452 solubile
1159 3379 1346 3472 praebeat

256 3507 398 3582 Solutio
423 3508 555 3581 nitrien
586 3507 702 3599 baryo
735 3506 868 3580 uitrico
902 3527 950 3578 ne
983 3511 1155 3593 mutetur,
1190 3512 1346 3599 argento

146 3635 277 3708 uitrico
292 3636 447 3729 paulum
461 3635 612 3708 nonnisi
631 3635 834 3727 opalescal,
851 3634 1041 3708 ammonia
1057 3634 1205 3706 abunde
1220 3635 1347 3708 addita

14 3819 15 3830 ,
147 3763 336 3835 ammonio
356 3763 538 3835 sulfurato
559 3762 808 3836 sedimentum
837 3782 940 3834 mere
970 3762 1097 3834 album
1128 3762 1273 3836 efficiat.
1303 3763 1345 3835 lu

148 3896 332 3983 apparatu
357 3889 510 3962 Marshii
543 3894 726 3963 tentatum
746 3888 890 3982 speculi
923 3889 1081 3962 arsenici
1114 3910 1161 3962 ne
1197 3890 1347 3983 quidem

146 4016 303 4109 vestigia
322 4016 465 4110 prodat.

347 4263 581 4372 dulcium
611 4264 928 4373 sullurioum
954 4272 1151 4382 ustum.

254 4452 380 4525 Pulvis
393 4453 512 4542 albus,
523 4454 740 4546 amorplrus,
756 4476 856 4547 aqua
866 4459 1095 4547 temperatus
1111 4454 1345 4548 pulmentum

145 4582 334 4676 praebeat,
356 4580 458 4673 quod
476 4581 578 4653 brevi
597 4587 762 4675 ternpore
783 4579 956 4655 durescit.

256 4709 430 4781 Servetur
447 4708 531 4781 loco
551 4707 662 4782 sicco.

254 4846 449 4902 Pharmacopooa.
1109 4849 1127 4903 4
