3500 5450
667 558 857 629 -9..

272 777 370 871 Apte
402 777 563 850 dilutum
591 775 639 847 ad
659 773 850 866 reagentia
870 773 1027 845 eandem
1048 771 1158 864 plane
1178 772 1361 845 rationem

164 906 313 993 habeat,
325 927 441 999 quam
452 904 608 977 Acidum
619 900 947 994 hydroohloricum
957 904 1250 973 concentratum.
1264 899 1359 973 Con-

165 1034 280 1107 tineat
294 1034 332 1105 in
347 1037 499 1106 centurn
519 1030 687 1124 partibus
707 1036 834 1123 partes
854 1028 942 1101 ide
958 1027 1061 1119 gasis
1080 1027 1363 1118 hydrochlorici,

166 1165 396 1256 quapropter
411 1160 540 1233 decem
562 1158 782 1232 centimetra
801 1156 932 1230 cubica
957 1158 1025 1247 (10
1038 1155 1124 1244 CC),
1145 1155 1193 1227 ad
1214 1161 1364 1228 centum

168 1291 388 1363 centimetra
416 1287 548 1359 cubica
577 1280 672 1386 (100
693 1285 765 1375 CC)
787 1285 915 1369 diluta,
944 1283 1129 1377 liquorem
1148 1284 1364 1376 praebeant,

169 1419 277 1510 cujus
300 1418 432 1489 decern
461 1415 680 1488 centimetra
709 1414 839 1486 cubica
859 1415 927 1503 (10
948 1412 1021 1503 CC)
1041 1434 1109 1505 per
1127 1412 1278 1504 triginta
1298 1432 1364 1485 sex

168 1547 384 1619 centimetra
408 1543 540 1617 cubica
567 1542 756 1636 hujusque
783 1542 968 1614 decimam
986 1546 1135 1633 partem
1156 1540 1259 1629 (uo-1
1287 1538 1364 1630 CC)

167 1673 364 1746 solutionis
399 1670 671 1744 acidimetricae
701 1669 964 1742 deciuormalis
989 1674 1124 1742 neutra
1152 1669 1365 1741 reddantur.

516 1992 737 2101 Aridum
762 1990 1029 2102 iacticum.

279 2184 417 2277 Liquor
435 2182 624 2275 limpidus
654 2183 819 2275 spissus,
850 2182 987 2255 coloris
1008 2187 1045 2255 et
1073 2183 1200 2255 odoris
1222 2202 1365 2275 expers,

171 2312 316 2404 saporis
337 2331 438 2383 mere
459 2310 565 2398 acidi,
594 2309 772 2403 ponderis
800 2310 963 2404 specifici
988 2309 1236 2399 err-rm,
1257 2333 1367 2405 aqua,

171 2439 301 2531 spiritu
325 2438 410 2525 vini,
440 2438 591 2511 aethere
620 2438 723 2510 omni
749 2438 990 2530 proportione
1015 2438 1243 2511 miscendus,
1273 2439 1367 2511 Cum

171 2565 268 2638 kalio
280 2564 623 2658 hypermanganico
641 2565 842 2636 cateiactus
855 2565 1009 2637 odorem
1021 2564 1196 2657 aldehydi
1207 2565 1377 2667 exhalat„

171 2692 214 2766 ln
233 2692 373 2766 lamina
399 2693 566 2787 platinea
595 2692 796 2766 calefactus
818 2691 1010 2785 deflagrat,
1040 2694 1229 2767 flammam
1253 2693 1369 2766 edens

173 2820 346 2909 lucidam,
366 2821 517 2893 residuo
537 2820 640 2892 nullo
659 2819 799 2892 relicto.

283 2948 433 3021 Leniter
458 2948 661 3020 calefactus
683 2947 790 3019 acida
807 2947 965 3039 pinquia
983 2970 1031 3021 ne
1050 2948 1227 3036 redoleat,
1247 2969 1370 3042 neque

176 3075 324 3168 aequali
333 3075 521 3148 volumine
538 3075 631 3147 acidi
646 3073 813 3147 sulfurici
824 3075 1052 3147 concentrati
1065 3076 1240 3165 admixtu,
1253 3077 1371 3149 ultum

173 3203 338 3276 colorem
356 3203 519 3296 recipiat.

283 3331 378 3403 Cum
408 3331 536 3404 decem
565 3330 735 3422 partibus
765 3350 887 3421 aquae
915 3330 1123 3404 destillatae
1145 3331 1283 3404 dilutus
1303 3352 1373 3404 nec

174 3480 274 3551 aqua
287 3459 602 3552 hydrosuliurata,
617 3458 811 3548 necharyo
822 3457 962 3547 uitrico,
979 3463 1044 3530 aut
1060 3464 1214 3550 argento
1230 3460 1372 3548 uitrico,

176 3589 242 3658 aut
261 3586 450 3659 ammonio
469 3585 614 3657 oxalico
634 3586 816 3674 turbetur,
836 3605 982 3678 necque
1002 3607 1103 3677 aqua
1122 3587 1233 3660 calcis
1255 3589 1371 3660 abun-

175 3713 281 3786 danti
301 3713 361 3786 rel
380 3715 584 3788 calefactus
603 3717 782 3786 mutetur.

304 4035 526 4145 Aridum
550 4036 805 4145 uitricum
833 4043 1256 4146 concontratum.

285 4224 424 4318 Liquor
450 4224 640 4318 limpidus
671 4224 831 4313 decolor,
859 4226 972 4318 plane
1002 4227 1172 4315 volatilis
1199 4229 1376 4320 ponderis

179 4351 341 4445 specifici
377 4354 483 4441 1·30‚
524 4374 683 4447 cuprum
715 4352 945 4426 metallicum
979 4355 1182 4447 vaporibus
1217 4376 1237 4428 e
1270 4356 1376 4428 fusco

178 4480 297 4552 rutilis
318 4480 465 4552 emissis
484 4481 605 4554 solvit.

289 4606 455 4700 Decuplo
475 4607 665 4681 volumine
694 4629 815 4702 aquae
845 4608 986 4681 dilutus
1015 4629 1085 4683 nec
1114 4631 1214 4701 aqua
1240 4611 1376 4703 hydro-

179 4737 365 4811 sulimata
383 4737 475 4827 sola,
496 4758 564 4810 nec
584 4737 615 4809 si
636 4738 810 4829 exiguam
830 4737 1080 4830 quantitatem
1100 4737 1194 4810 acidi
1214 4739 1377 4812 tartarici
