3500 5450
875 507 1087 583 „vr-

377 725 575 820 inquinata
603 749 674 803 nec
703 731 880 822 corrupta
906 728 982 802 sint
1010 734 1168 822 oportet.
1199 729 1254 803 Ea
1283 729 1432 823 aequali
1459 729 1578 803 solici-

307 856 310 862 ’
379 854 509 929 tudine
541 860 579 930 et
599 855 932 948 circumspectione
953 857 1141 929 servanda
1161 861 1198 930 et
1217 856 1473 949 dispensanda
1490 861 1580 930 sunt

377 987 419 1055 ut
463 983 711 1057 medicamina
755 983 794 1056 in
830 983 1173 1077 pharmacopoeam
1211 989 1371 1077 recepta,
1420 1005 1579 1077 quorum

381 1111 586 1187 efficaciam
605 1119 780 1208 aequant.

485 1240 683 1334 Ejusmodi
709 1242 958 1316 medicamina
984 1265 1054 1317 nec
1083 1265 1159 1317 non
1186 1244 1451 1335 confectiones
1482 1264 1579 1335 quae

375 1369 589 1443 novissimis
607 1371 838 1462 temporibus
857 1371 945 1444 usui
964 1371 1217 1465 therapeutica
1236 1371 1392 1444 venales
1405 1370 1575 1444 offerun-

378 1500 447 1587 tur,
484 1497 648 1572 incertae
677 1498 824 1572 virtutis
855 1520 900 1572 ac
928 1498 1059 1573 clinica
1086 1499 1313 1593 experientia
1346 1497 1450 1571 haud
1479 1518 1578 1571 com-

376 1626 560 1717 probatae
600 1630 700 1715 sunt,
737 1625 890 1699 nonnisi
926 1625 1077 1718 legitimi
1115 1626 1248 1700 medici
1284 1625 1578 1718 praescriptione

376 1752 596 1846 dispensare
616 1754 675 1827 fas
697 1758 767 1827 est

931 1931 965 2034 a.
985 1937 1023 2009 4.

483 2080 728 2156 Medicamina
768 2082 807 2154 in
844 2082 1185 2175 pharmacopoeam
1217 2087 1379 2176 recepta,
1415 2102 1575 2174 quorum

376 2207 609 2301 dispensatio
643 2211 789 2303 absque
818 2208 951 2282 medici
978 2209 1131 2303 legitimi
1158 2209 1452 2303 praescriptione
1480 2208 1576 2282 inbi-

374 2334 453 2408 bita
471 2340 541 2427 est,
561 2337 691 2410 tabula
708 2335 758 2409 IV
777 2337 937 2410 exhibet.

483 2464 587 2538 Haec
624 2464 871 2538 medicamina
917 2465 1116 2557 hucusque
1156 2463 1314 2557 signo†
1362 2468 1491 2536 notata
1537 2463 1575 2535 iu

371 2595 473 2664 textu
489 2593 816 2685 pharmacopoeae
833 2591 1016 2665 distinctis
1033 2591 1233 2684 obliquis
1254 2591 1352 2685 typis
1369 2589 1574 2683 conspicua

377 2717 598 2793 redduntur.

929 2897 964 3000 a.
988 2904 1023 2976 5.

484 3048 729 3121 Medicamina
742 3047 780 3119 in
795 3048 926 3120 tabula
940 3047 987 3119 lll
1002 3053 1182 3140 congesta
1197 3048 1228 3121 si
1243 3070 1266 3122 a
1279 3047 1426 3121 medico
1440 3046 1575 3140 majori

375 3172 459 3247 dosi
478 3175 794 3268 praescribuntur,
816 3196 931 3267 quam
957 3196 1055 3266 quae
1085 3175 1249 3248 maxima
1276 3174 1315 3247 in
1344 3175 1416 3249 hac
1445 3175 1574 3248 tabula

373 3304 505 3374 notata
525 3305 594 3390 est,
623 3322 700 3374 non
721 3305 810 3374 sunt
831 3302 1099 3395 dispensanda,
1128 3301 1198 3373 nisi
1226 3302 1396 3376 medicus
1423 3303 1574 3395 signum

374 3428 653 3502 exclamationis
675 3430 724 3521 (t)
744 3428 782 3501 in
802 3429 1095 3522 praescriptione
1116 3427 1310 3503 addiderit.

928 3662 962 3765 a
984 3667 1021 3738 c.

483 3810 521 3883 Si
550 3810 876 3900 medicamentum,
906 3811 1009 3903 quod
1039 3815 1076 3885 et
1105 3813 1264 3885 crudum
1285 3817 1321 3884 et
1350 3810 1573 3903 depuratum

374 3957 445 4010 seu
482 3936 729 4011 rectificatum
765 3938 803 4010 in
840 3937 1157 4031 pharmacopoliis
1199 3941 1357 4031 prostat,
1405 3937 1573 4010 medicus

372 4065 655 4157 praescripserit
675 4067 780 4139 nulla
795 4064 1031 4140 distinctione
1049 4067 1159 4155 facta,
1182 4086 1331 4157 semper
1351 4064 1574 4157 depuratum

374 4212 445 4265 seu
463 4191 710 4266 rectificatum
730 4193 982 4286 dispensetur.

482 4319 577 4394 Item
595 4320 627 4393 si
645 4322 972 4409 medicamentum,
1003 4318 1112 4412 cujus
1140 4319 1267 4412 plures
1294 4319 1576 4412 distinguuntur

374 4446 687 4521 concentrationis
703 4452 740 4520 et
755 4446 981 4521 fortitudinis
996 4446 1149 4538 gradus
1168 4447 1440 4541 praescriptum
1453 4448 1573 4539 fuerit,

375 4575 465 4668 quin
508 4575 647 4667 gradus
696 4575 1008 4649 concentrationis
1049 4575 1276 4667 conspicuus
1320 4576 1378 4665 sit,
1427 4596 1575 4669 semper

374 4702 532 4775 dilutum
551 4707 588 4775 et
605 4701 731 4775 mitius
752 4702 1048 4794 dispensandum
1070 4707 1139 4774 est.
