3500 5450
671 569 911 642 -a41-

587 780 728 925 Sapo
755 779 1004 890 Venetus.

299 1007 352 1079 Ex
360 1005 444 1077 oleo
455 1004 584 1079 Olivae
594 1009 760 1098 paratua
771 1005 926 1097 venalia
939 1005 988 1078 sit
999 1005 1116 1095 albus,
1127 1006 1254 1083 durus,
1263 1006 1389 1079 odoris

189 1133 339 1205 minime
358 1131 509 1221 rancidi,
529 1132 567 1204 in
587 1133 719 1224 spiritu
739 1131 814 1205 vini
835 1132 951 1205 diluto
971 1131 1121 1224 penitus
1142 1131 1323 1205 solubilis.

300 1258 545 1354 Emplastrum
572 1265 796 1355 reportatum.
836 1258 1077 1332 [Animantium
1104 1265 1388 1355 seronato-cam-

183 1385 389 1483 phorutum.
409 1384 569 1483 Spiritus
587 1391 792 1481 seponatur.

392 1800 687 1913 secale
726 1812 1189 1915 cernentum.

623 2026 787 2132 Fungns
810 2026 974 2105 Secalia
1142 1977 1145 1981 ¹

303 2221 482 2317 Cicriccps
517 2244 705 2317 purpurea
742 2222 959 2313 Tulasne,
987 2223 1125 2314 fungus
1155 2244 1304 2296 annuus
1334 2223 1394 2297 vel

192 2349 351 2433 biennis,
371 2347 661 2445 Pyrenomycetes.

300 2476 490 2549 Strnrnata
509 2475 649 2548 sterilia
676 2475 790 2574 fungi,⁴
816 2475 855 2547 in
875 2476 1029 2547 floribus
1050 2475 1261 2566 gramineiS‚
1285 2498 1392 2568 prae·

190 2602 319 2675 sertim
357 2599 489 2676 Stratis
526 2601 666 2674 cerealis
698 2603 893 2675 nascentia
929 2602 1063 2674 obtuse
1101 2602 1255 2695 trigona
1293 2608 1395 2677 recta

190 2735 255 2804 aut
287 2736 449 2821 arcuata,
482 2731 670 2822 utrimque
706 2734 906 2820 attenuata,
941 2730 1151 2821 quindecim
1184 2730 1233 2803 ad
1261 2731 1393 2823 viginti
1513 2831 1516 2838 ¹

191 2858 355 2950 quinque
366 2858 705 2949 millimetralonga
721 2857 792 2930 tria
802 2857 848 2928 ad
861 2856 1024 2951 quinque
1034 2858 1245 2931 miliirnetra
1255 2879 1393 2951 crassa,

192 2989 301 3058 extus
331 3006 376 3057 ex
402 2984 567 3058 violaceo
586 2983 816 3076 nigricantia,
836 2989 1004 3056 recenter
1028 2984 1182 3058 collecta
1200 2985 1391 3077 pruinosa

191 3111 292 3184 intus
318 3112 442 3184 albida
470 3116 535 3184 aut
567 3111 722 3204 paulurn
745 3110 900 3201 nahella,
926 3111 1090 3184 fractura
1113 3111 1241 3202 solida,
1262 3113 1390 3186 odoris

192 3237 328 3330 iunges
342 3238 554 3329 redolentis,
571 3238 718 3331 saporis
729 3240 848 3332 primo
865 3238 1096 3329 dulciusculi‚
1113 3238 1198 3312 dein
1214 3240 1394 3313 subacris.

301 3363 427 3438 Secale
457 3347 655 3439 cornutum
692 3367 829 3459 optime
860 3366 1040 3439 siccatum
1078 3365 1117 3437 in
1154 3366 1258 3439 vitris
1296 3366 1391 3440 bene

194 3492 331 3565 clausis
350 3513 421 3565 nec
440 3493 537 3566 ultra
556 3515 699 3567 annum
719 3499 901 3567 servetur.

303 3620 517 3709 Genusum,
547 3620 749 3708 rancidum,
780 3622 935 3693 odorem
963 3620 1270 3692 anrnroniacalem
1290 3642 1395 3713 spar-

194 3768 288 3840 gens
307 3746 504 3838 rejiciatur.

303 3871 523 3946 Extractum.

430 4270 730 4382 Samen
775 4268 1153 4386 Colchtct.

312 4492 508 4564 colchicum
518 4494 723 4566 autumnale
735 4495 868 4583 Lina,
887 4493 1015 4585 planta
1030 4491 1196 4564 rediviva
1210 4490 1399 4583 tuberosa‚

197 4626 305 4713 prata
323 4619 479 4692 humida
498 4620 635 4712 ubique
655 4621 756 4712 apud
770 4641 842 4692 nes
862 4620 1087 4693 inhabitans
1108 4617 1295 4690 Ia'tiaceac.
1321 4616 1397 4689 Col·

198 4746 382 4819 clzicaceae.

252 4884 448 4940 Phnrmucopoca.
1184 4885 1218 4937 16
