3500 5450
677 538 921 609 -151-

203 753 395 845 liquescat.
428 753 521 826 Cum
554 753 739 827 solutione
774 754 883 827 natrii
907 753 1181 846 hyrdooxydati
1215 752 1401 844 nigrescit,

204 881 433 953 ammoniam
451 900 552 967 vero,
572 881 630 952 vel
651 880 837 955 solutione
858 880 1047 968 calefacta,
1068 900 1115 951 ne
1136 879 1295 952 exhalet.

310 1026 420 1118 Aqua
439 1026 628 1101 destillata
645 1048 730 1101 cum
750 1027 903 1120 pulvere
924 1030 1177 1118 conquassata
1205 1025 1299 1099 nihil
1319 1024 1401 1116 ejus

203 1154 335 1242 solvat,
348 1154 433 1225 hinc
444 1153 565 1247 liquor
574 1154 746 1244 tiltraluS,
757 1176 857 1248 aqua
872 1153 1176 1246 hydrosullurata
1190 1153 1328 1240 addita,
1344 1152 1401 1224 vel

202 1287 290 1372 post
308 1281 454 1373 longius
474 1282 655 1375 temporis
676 1281 916 1354 intervallum
936 1282 1040 1372 nigro
1056 1279 1179 1352 colore
1199 1301 1246 1352 ne
1262 1280 1400 1352 inficia-

202 1415 272 1500 tur,
285 1408 372 1482 etin
388 1408 523 1482 balneo
544 1429 665 1502 aquae
681 1408 729 1480 ad
743 1408 884 1481 siccum
899 1412 1124 1500 evaporatus
1138 1407 1331 1480 residuum
1342 1407 1401 1478 vix

201 1536 395 1629 relinquat.

312 1683 486 1755 Servetur
505 1702 595 1754 vase
616 1682 688 1754 luci
707 1681 900 1774 impervio.
956 1725 958 1730 s

257 2156 931 2291 Hydrarwmm
959 2149 1356 2284 sociatum

627 2332 962 2466 flavum.

485 2597 843 2699 Pr0t0j0duretum
865 2596 1113 2700 hydrargyri.

198 2825 531 2930 Rpe:llydrargyrl
588 2833 790 2925 preminate
810 2827 952 2899 sedecim
1352 2831 1399 2903 16

226 3033 229 3037 .
309 2971 394 3050 «lulli
448 2980 654 3071 prammatu
672 2972 783 3045 decem
1354 2977 1400 3046 10

198 3121 236 3192 in
251 3120 473 3194 mortarium
491 3121 648 3193 vitreum
667 3118 841 3191 immissa
861 3124 899 3191 et
917 3118 1051 3211 spiritu
1070 3118 1145 3190 vini
1161 3126 1400 3193 concentrato

200 3248 418 3320 humectata
456 3253 544 3335 tere,
588 3246 708 3318 donec
747 3244 887 3336 globuli
928 3246 1102 3319 metallici
1140 3246 1400 3340 disparuerint,

201 3372 1399 3479 curansutmassaintertriturationemmaneathumida‚rlerrrurrr

202 3502 332 3595 spiritu
352 3501 428 3574 vini
448 3503 534 3574 lava
555 3505 591 3573 et
609 3500 648 3573 in
667 3501 750 3573 loco
770 3501 949 3574 umbroso
971 3501 1081 3573 sicca.

309 3649 362 3721 Sit
384 3647 506 3741 pulvis
535 3669 554 3719 e
582 3646 778 3719 virescenti
805 3647 937 3734 flavus
975 3646 1014 3718 in
1043 3668 1141 3737 aqua
1181 3646 1399 3739 perpaulum

200 3775 381 3865 solubilis,
403 3775 443 3848 in
467 3774 598 3868 spiritu
623 3773 699 3846 vini
719 3778 756 3847 et
781 3773 931 3846 aethere
949 3773 1169 3863 insolubilis,
1189 3773 1274 3864 igne
1294 3794 1398 3866 pror-

201 3925 268 3977 sus
289 3903 423 3992 avolat,
444 3902 539 4011 lucis
559 3901 663 3975 aditu
683 3900 982 3993 decomponitur.

309 4049 404 4122 Cum
425 4048 531 4121 acido
551 4045 728 4121 sulfurico
745 4050 781 4119 et
801 4066 991 4138 mangano
1006 4046 1289 4137 hyperoxydato
1305 4048 1399 4118 calc-

200 4176 322 4248 lartus
343 4198 503 4269 vapores
523 4174 709 4248 violaceos
730 4173 873 4246 emittit.

311 4320 404 4393 Cum
433 4320 565 4413 spiritu
597 4319 672 4392 vini
706 4324 908 4412 quassatus
936 4318 1059 4410 liquor
1092 4317 1313 4407 obtineatur,
1341 4318 1402 4410 qui

200 4447 361 4522 filtratus
383 4470 482 4541 aqua
502 4447 809 4541 hydrosullurata
827 4445 889 4517 vix
910 4446 1090 4519 turbetur.

311 4593 486 4668 Servetur
507 4615 595 4666 vase
615 4593 689 4667 luci
708 4591 902 4685 impervie.
