3500 5450
644 570 880 643 -nba-

581 781 758 893 Radix
785 782 934 893 ilici.

265 1042 398 1115 llleam
416 1044 614 1138 palmatam
632 1043 762 1135 Linn,
783 1042 920 1115 Eleum
940 1042 1113 1139 officiante
1126 1041 1303 1114 Baillon
1322 1046 1359 1115 et

156 1171 416 1244 verosimiliter
432 1172 526 1244 aliae
547 1171 635 1243 Ilirei
651 1172 808 1264 specieS,
829 1171 954 1244 adbuc
969 1193 1045 1244 non
1066 1170 1158 1243 satis
1179 1169 1360 1261 cognitae,

157 1303 387 1390 spontaneae
407 1299 445 1370 in
465 1298 611 1392 alpibus
631 1298 772 1371 Cinnae
802 1296 1211 1372 boreali-occidentalis
1251 1295 1357 1391 Poly-

153 1448 334 1521 ponaoeac.

265 1589 388 1663 Radix
415 1591 539 1663 valida
568 1589 732 1681 concisa,
762 1589 901 1662 siccata
926 1593 963 1661 et
988 1587 1223 1662 decorticata.
1247 1589 1359 1679 Mem,

156 1717 266 1789 nobis
291 1717 488 1792 advectae
509 1718 639 1808 China,
665 1717 765 1789 sistit
784 1722 980 1808 segmenta
1008 1715 1262 1789 multiformia:
1297 1738 1356 1807 cy·

156 1842 321 1932 lindrioa,
355 1845 640 1937 subcylindrica,
680 1844 826 1935 conica,
862 1844 1094 1935 subglobosa
1131 1849 1195 1917 aut
1232 1843 1360 1936 plano-

158 1992 332 2061 convexa,
362 1993 440 2044 non
460 1993 545 2044 raro
565 1972 696 2061 forata,
717 1971 950 2045 extrinsecus
979 1972 1132 2065 pulvere
1151 1971 1246 2044 laete
1265 1972 1363 2044 ssavo

158 2118 381 2190 conspersa,
419 2098 640 2191 plerumque
680 2099 774 2172 dura
806 2104 842 2171 et
869 2099 1093 2191 ponderosa,
1131 2098 1170 2170 in
1202 2099 1365 2171 fractura

156 2226 342 2317 inaequali
363 2248 508 2319 aspera,
527 2226 623 2313 albo,
657 2225 882 2315 aurantiaco
910 2225 1024 2298 rubro
1043 2228 1109 2297 aut
1126 2224 1365 2298 fusco-rubro

156 2352 358 2445 variegata.

266 2497 387 2570 Sectio
425 2504 641 2573 transversa
677 2471 822 2591 probat*
860 2498 940 2570 sive
986 2517 1103 2590 prope
1152 2498 1361 2590 marginem

157 2646 292 2697 zonam
312 2624 534 2717 densiorem,
548 2625 721 2699 radiatim
737 2626 924 2717 signatam
938 2644 1004 2715 per
1019 2624 1119 2697 vices
1134 2624 1243 2696 lineis
1264 2624 1358 2698 albis

156 2758 193 2826 et
211 2754 333 2827 rubris
358 2759 423 2827 aut
452 2755 676 2827 aurantiacis
710 2760 747 2827 et
779 2757 925 2846 partem
958 2751 1122 2824 mediam
1155 2753 1359 2826 medullae-

152 2882 313 2954 iormem
327 2880 501 2973 amplam,
516 2882 663 2973 punctis
684 2886 720 2953 et
735 2880 892 2953 maculis
914 2879 1022 2951 ssavis
1041 2883 1078 2952 et
1093 2879 1218 2952 rubris
1239 2880 1357 2953 rarle-

152 3014 289 3100 gatam,
336 3008 465 3099 figuris
509 3008 659 3081 radiatis
692 3008 817 3101 parvis
851 3008 890 3079 in
934 3007 1111 3078 cuculum
1150 3006 1360 3099 dispositis;

153 3136 233 3209 sivo
261 3136 375 3207 telam
402 3135 559 3227 punctis
588 3135 748 3208 maculis
779 3142 815 3206 et
832 3134 940 3207 lineis
962 3133 1159 3207 multifarie
1178 3133 1361 3207 intricatis

153 3262 391 3353 variegatam,
421 3261 551 3353 figuris
571 3262 643 3334 iliis
673 3261 827 3335 radiatis
857 3260 1109 3352 irregulariter
1133 3261 1276 3353 sparsis
1297 3282 1363 3353 per

156 3393 275 3462 iotam
295 3389 540 3481 superficiem,
560 3389 705 3481 passim
726 3388 1016 3461 confluentibus

248 3550 429 3625 .Cellulae
465 3551 766 3644 parenchymatis
805 3552 1000 3624 continent
1030 3549 1167 3643 partim
1197 3550 1363 3643 amylum

156 3678 407 3770 compositum
426 3685 463 3750 et
482 3678 682 3770 particulas
704 3678 840 3751 coloris
866 3677 969 3750 aurei
989 3677 1240 3770 splendentes,
1260 3679 1357 3751 ferro

158 3804 457 3898 sesquiohlorato
478 3805 641 3878 colorem
661 3806 820 3877 obscure
841 3805 1056 3877 caeruleum
1076 3803 1285 3896 induentes,
1323 3807 1363 3877 in

159 3933 257 4005 kalio
277 3932 538 4024 hydroxydato
555 3932 677 4006 colore
697 3933 906 4024 sanguineo
919 3931 1107 4021 solubiles
1127 3931 1262 4023 partim
1281 3953 1361 4023 ory-

161 4060 292 4133 slailos
313 4060 636 4152 frequentissimas
656 4059 819 4151 grandes
848 4060 952 4132 calcii
978 4058 1120 4131 oxalici.
1158 4057 1364 4150 Propterea

161 4188 267 4260 radix
295 4188 491 4260 masticata
523 4187 618 4259 inter
651 4187 782 4260 dentes
817 4186 952 4260 stridet
984 4191 1019 4258 et
1054 4184 1209 4258 salivam
1239 4185 1362 4258 colore

162 4315 259 4387 ilavo
289 4315 407 4406 tingit.
436 4315 633 4387 Pulverem
660 4314 815 4407 praebet
842 4314 939 4386 laete
969 4315 1124 4398 ilavum;
1157 4311 1283 4384 odoris
1304 4316 1364 4384 est

163 4442 368 4534 peculiaris,
385 4442 532 4533 saporis
548 4441 784 4512 amaricantis
801 4447 837 4513 et
852 4440 1133 4531 adstringentis.
1241 4478 1244 4488 ·

272 4604 489 4699 Rejicienda
527 4611 584 4679 est
620 4605 725 4677 radix
762 4609 919 4688 vetusta,
962 4604 1115 4692 cariosa,
1153 4603 1363 4695 spongiosa,

164 4734 323 4807 mucida.
