3500 5450
682 558 918 630 -237-

199 773 328 846 ultima
347 773 503 865 vestigia
517 775 748 867 extricantur,
775 775 860 847 dein
879 775 1042 848 resinam
1065 798 1087 847 a
1106 775 1249 867 liquore
1270 797 1397 866 super·

195 905 348 973 natante
378 922 521 994 separa,
550 923 650 993 aqua
667 902 807 975 fervida
830 902 969 995 optime
986 903 1067 976 elue
1083 902 1268 975 etelotam
1281 902 1397 975 iuvas

196 1027 472 1121 porcellaneum
499 1029 706 1102 immissam
727 1029 866 1103 calefac
895 1029 933 1101 in
953 1030 1088 1102 balneo
1109 1050 1251 1120 aquae,
1278 1030 1397 1101 donec

195 1178 283 1249 pars
304 1161 477 1250 exempta
502 1162 538 1229 et
555 1156 770 1247 refrigerata
788 1157 895 1231 facile
915 1156 1066 1230 friabilis
1086 1157 1159 1228 liat.

303 1282 346 1355 In
365 1283 521 1356 bacillos
542 1284 739 1357 formatam
760 1306 878 1357 serva.

304 1409 357 1482 Sit
368 1409 551 1484 fracturae
569 1411 809 1503 splendentis,
820 1411 956 1484 coloris
967 1432 986 1482 e
997 1411 1095 1483 ssavo
1109 1411 1211 1499 lusci,
1224 1410 1395 1498 friabilis3

194 1536 347 1609 facilein
358 1537 488 1629 spiritu
499 1537 583 1625 vini,
600 1560 733 1631 parurn
745 1538 945 1611 inaethere
957 1538 1138 1623 solvatur;
1157 1538 1196 1609 in
1207 1538 1291 1611 oleo
1301 1542 1394 1611 tere·

194 1664 384 1737 binthinae
403 1669 439 1736 et
454 1665 492 1737 in
506 1665 769 1739 chlorosormio
785 1665 993 1738 insolubilis
1009 1667 1065 1738 sit.
1085 1664 1128 1737 In
1139 1667 1302 1758 quinque
1313 1686 1408 1757 pan.

194 1790 292 1863 tibus
309 1791 519 1864 ammoniae
535 1793 782 1866 calefaciendo
803 1793 987 1879 solvatur;
1008 1794 1144 1866 solutio
1161 1794 1291 1866 effecta
1310 1797 1397 1884 post

192 1919 508 2009 refrigerationem
526 1942 597 1993 nee
621 1922 659 1993 in
679 1921 878 2011 gelatinam
898 1921 1014 2010 abeat,
1039 1943 1108 1993 nec
1129 1920 1235 1992 acido
1256 1920 1393 2011 hydro-

197 2044 359 2118 chlorico
384 2045 530 2119 acidula
548 2047 645 2119 lacta
664 2048 842 2120 turbetur.

571 2459 720 2569 Roob
746 2461 1012 2603 iuniperi.

194 2682 296 2775 Rpe:
332 2680 524 2760 leucum
545 2679 712 2787 Jnlperi
733 2688 956 2764 maturarum
977 2684 1175 2764 recentium
1198 2712 1229 2783 q.
1254 2712 1282 2760 v.

331 2810 521 2887 Contusos
541 2836 660 2908 coque
679 2815 717 2887 in

332 2937 454 3040 luno
473 2937 683 3018 tantillulae
701 2965 728 3013 s.
751 2965 781 3036 q.

196 3067 315 3140 donec
334 3066 567 3156 mollescant,
587 3068 672 3142 dein
693 3068 866 3160 exprime.

304 3194 442 3288 Liquor
457 3194 615 3268 colando
631 3196 834 3289 depuratus
850 3201 1072 3289 evaporatur
1101 3196 1147 3268 ad
1164 3196 1283 3269 mellis
1299 3197 1394 3288 spis·

194 3321 402 3412 situdinem,
423 3321 555 3394 deinde

331 3443 434 3526 Siraci
453 3447 641 3550 insplsuti
662 3450 768 3521 terreis
781 3449 950 3545 partibus

195 3575 354 3647 addatur

330 3697 501 3778 Saoobrri
520 3702 703 3803 pulmenti
716 3727 808 3800 parc
827 3730 901 3777 urea

195 3833 232 3901 et
249 3828 323 3901 leni
344 3829 465 3903 calore
485 3830 710 3922 inspissetur
728 3831 766 3904 in
785 3833 890 3906 roob.

573 4244 720 4354 Roob
747 4244 1015 4356 Sambuoi.

194 4467 299 4559 Rpe:
329 4464 519 4543 laetum
539 4464 705 4545 Sanbnol
725 4468 921 4545 recentium
942 4495 973 4566 q.
995 4497 1025 4542 c.

302 4592 450 4666 Calelac
479 4595 652 4686 agitando
681 4619 804 4690 usque
833 4598 880 4670 ad
901 4598 1164 4689 ebullitionem,
1195 4601 1326 4673 deinde
1352 4601 1390 4672 li-

194 4742 349 4813 quorem
376 4743 444 4814 per
472 4723 632 4795 cribrum
667 4728 859 4800 setaceum
888 4726 1096 4801 transmitte
1135 4733 1171 4801 et
1198 4727 1389 4801 residuum
