3500 5450
657 530 899 606 -263-

176 751 347 844 portione
374 750 540 842 partium
573 755 724 824 rentum
756 751 887 845 liquidi
921 751 969 823 ad
1002 756 1130 843 partes
1163 737 1315 823 eentum
1341 769 1378 823 et

178 877 377 970 sexaginta
411 877 583 951 sacchari
618 878 697 951 sive
726 879 837 981 unica
865 877 1097 967 ebullitione,
1127 877 1207 950 sive
1238 877 1376 951 diutius

177 1006 386 1101 coquendo,
406 1005 577 1079 solvatur
598 1010 636 1078 et
655 1006 687 1079 si
706 1004 827 1100 liquor
848 1005 1020 1079 turbidus
1048 1011 1162 1095 esset,
1187 1005 1378 1079 albumine

177 1134 238 1209 ovi
258 1133 489 1207 clarificetur.

287 1261 423 1354 Syrupi
442 1266 522 1334 tum
543 1261 711 1335 colentur
728 1283 796 1354 per
815 1282 985 1353 pannum
1003 1261 1156 1334 laneum
1176 1265 1212 1334 et
1226 1261 1377 1354 penitus

177 1389 390 1482 refrigerati,
410 1389 513 1462 vasis
530 1389 670 1462 clausis
685 1389 769 1463 loeo
788 1389 921 1481 frigido
942 1394 977 1461 et
995 1388 1094 1461 sirco
1115 1393 1323 1461 serventur.
1428 1478 1429 1483 Ἰ

286 1515 525 1589 Substantiae
546 1516 714 1589 volatiles
735 1516 962 1589 aromaticae
994 1536 1137 1608 syrupo
1158 1516 1378 1608 refrigerato

178 1643 467 1717 admisceantur.

284 1771 430 1862 Syrupi,
464 1775 619 1862 excepto
649 1770 795 1862 Syrupo
834 1770 1086 1861 amygdalino,
1113 1770 1188 1844 sint
1223 1769 1378 1861 limpidi.

506 2291 747 2435 Syrupus
772 2290 1051 2405 Althaeae.
1136 2258 1138 2261 ¹

175 2552 277 2645 Rpe:
312 2547 460 2628 latius
480 2547 651 2628 llltlraore
671 2550 836 2628 oonoisro
891 2557 1093 2648 qrommoto
1114 2552 1242 2649 viqinti
1329 2552 1380 2625 00

311 2676 431 2778 lqno
452 2675 663 2756 destitutae
684 2676 841 2781 trigidae
887 2685 1090 2776 qrammato
1110 2685 1268 2753 trecento.
1301 2679 1380 2752 300

284 2808 433 2881 Macera
459 2830 528 2900 per
560 2807 748 2881 bihorium
777 2809 927 2901 saepius
960 2809 1148 2900 agitando,
1182 2813 1264 2881 tum
1299 2807 1381 2880 cola

176 2937 256 3010 sine
277 2936 518 3029 expressione
539 2935 631 3009 etin
652 2935 821 3009 colatura

455 3071 694 3163 maminotum
714 3063 939 3136 ducentorum
959 3068 990 3135 et
1010 3064 1270 3161 quinquaqinta
1301 3064 1379 3137 250

176 3193 281 3265 solve
302 3193 413 3266 unica
432 3192 646 3265 ebullitione

314 3317 486 3398 Saoohrrl
507 3317 651 3398 oontusi
705 3326 911 3417 qrammata
930 3319 1199 3417 quadrtnqenta.
1301 3319 1381 3391 400

444 3822 688 3972 Syrupus
714 3821 1117 3966 amygdalinas.

559 4089 737 4192 Syrupus
760 4090 990 4168 emulsivus

180 4320 289 4413 Rpe:
319 4318 595 4422 lnygrlalam
618 4318 776 4398 dalaian
807 4318 1112 4398 decorticaturum

876 4455 1081 4547 yrommoto
1099 4447 1273 4546 octoqiato
1329 4446 1381 4519 80

316 4572 596 4678 lnygrlalam
618 4596 823 4653 amararum
842 4575 1146 4655 decortioatmu

913 4709 1116 4802 qrammota
1134 4702 1263 4796 viriati
1332 4701 1383 4773 00
