3500 5450
641 562 857 633 -ῃ-

147 773 323 847 haerente
342 774 547 870 instructis,
562 777 601 849 in
619 777 737 853 latere
758 778 940 853 exteriore
965 780 1091 869 fuscis,
1117 783 1270 875 asperis,
1301 805 1346 856 ex

147 902 248 973 omni
271 907 378 994 parte
406 903 573 995 vestigiis
591 904 783 979 lichenum
803 908 1027 997 carentibus
1061 910 1218 1003 singulis
1253 910 1344 982 vali-

148 1028 313 1103 dioribus
354 1031 662 1125 depressionibus
699 1035 1024 1126 subconchoideis
1080 1059 1147 1129 per
1194 1038 1345 1111 exsolia-

147 1157 287 1230 tionem
307 1158 454 1233 suberis
474 1159 576 1233 ortis

256 1284 411 1378 Saporis
432 1292 491 1360 est
510 1294 637 1361 cortex
657 1290 937 1383 adstringentis,
957 1292 1163 1365 subamari.

257 1412 475 1486 distractum.

468 1716 664 1827 Cortex
690 1720 1029 1858 (tnebraobo.

254 1922 528 2017 Aspidcspcrmc
580 1923 779 2017 Qucbrocbo
824 1927 1195 2016 Schlechtendal,
1235 1928 1348 2001 arbor

146 2049 322 2141 frequens
343 2050 381 2122 in
401 2051 602 2144 provinciis
624 2053 917 2128 occidentalibus
936 2056 1177 2147 Argentinae.
1209 2056 1346 2151 Apocy·

146 2200 281 2250 naccae.

255 2304 390 2379 Cortex
413 2307 535 2380 munci
569 2308 732 2382 siccatus
766 2308 805 2381 in
837 2309 968 2382 frustis
998 2311 1159 2402 magnis,
1194 2310 1242 2383 ad
1272 2309 1344 2382 tria

146 2433 364 2507 centimetra
383 2435 535 2526 crassis
556 2436 763 2529 subplaniS,
785 2437 901 2526 duris,
921 2438 1154 2530 ponderosis
1184 2437 1344 2510 obtectis

145 2560 383 2635 rhitidomate
404 2563 645 2653 validissime,
670 2564 775 2637 rimis
796 2564 989 2638 hiantibus
1009 2565 1206 2658 profundis
1226 2586 1345 2657 saepe

145 2689 362 2764 tessellatim
400 2691 575 2782 lacerate,
616 2693 752 2766 coloris
798 2692 1022 2782 flavo-fusci,
1062 2698 1169 2767 extus
1201 2692 1346 2787 passim

147 2817 355 2907 albicantis,
366 2819 404 2892 in
418 2792 532 2892 latere
547 2821 695 2892 interna
707 2819 1025 2912 longitudinaliter
1040 2820 1172 2894 striato
1187 2820 1347 2913 plerum·

147 2966 219 3038 quc
245 2947 343 3019 clare
364 2969 384 3019 e
402 2947 627 3021 rubicundo·
642 2953 708 3020 aut
726 2947 990 3035 darida-lusci,
1016 2949 1181 3020 fractura
1200 2969 1345 3039 grosse·

145 3074 354 3163 granulata,
376 3075 521 3167 saporis
541 3074 671 3148 amari.

254 3200 296 3274 ln
324 3202 488 3275 sectione
516 3207 734 3275 transversa
762 3206 947 3295 apparent
975 3201 1049 3274 duo
1078 3206 1205 3290 strata,
1240 3202 1344 3276 rhiti-

145 3328 308 3401 domatis
337 3335 373 3401 et
399 3327 636 3423 endophloei‚
664 3330 757 3403 illud
782 3329 918 3403 coloris
938 3328 1105 3402 clarioris
1125 3329 1346 3418 flavo-fusci,

144 3454 217 3528 hoc
251 3455 481 3529 obscurioris
518 3456 754 3544 mbrodusci,
792 3462 952 3549 utraque
986 3456 1235 3529 crassitudine
1268 3457 1346 3529 iere

145 3582 305 3676 aequali,
353 3584 512 3657 maculis
552 3585 685 3657 albidis
724 3584 899 3658 confertis
946 3583 1083 3676 partim
1130 3589 1346 3656 transverse

145 3710 184 3782 in
199 3710 369 3784 ordinem
384 3711 576 3805 dispositis
592 3713 783 3785 instructa.
800 3711 923 3785 Sectio
938 3710 1218 3803 longitudinalis
1237 3709 1345 3783 lineis

144 3838 288 3930 grossis
306 3839 378 3912 illis
399 3841 557 3913 maculis
579 3839 961 3933 correspondentibus
987 3860 1053 3931 per
1076 3837 1346 3930 longitudinem

145 3965 278 4040 striata
297 3972 365 4040 est.

255 4094 332 4167 Sub
352 4094 600 4187 microscopio
620 4094 806 4187 imprimis
828 4094 975 4167 excellit
994 4097 1120 4166 cortex
1140 4093 1283 4186 grumis
1309 4098 1346 4165 et

144 4220 304 4294 restibus
351 4222 671 4295 numerosissimis
724 4243 744 4294 e
787 4221 930 4294 cellulis
976 4220 1344 4312 solerencbymaticis

143 4349 402 4442 polymorpbis
431 4354 469 4422 ct
491 4349 594 4422 fibris
619 4348 888 4436 insitormibus
917 4347 1139 4440 plerumque
1161 4347 1343 4428 solitariis

144 4477 303 4568 perfecte
322 4477 557 4566 incrassatis,
593 4477 751 4570 singulis
786 4475 998 4549 arctissime
1033 4474 1164 4547 cinctis
1200 4474 1343 4547 cellulis

143 4603 300 4677 minutis
321 4605 515 4697 crystallos
537 4604 644 4678 calcii
664 4604 799 4677 oralici
819 4601 1045 4695 gerentibus.

254 4731 459 4805 Detractum
467 4731 640 4827 fluidum.
