3500 5450
832 513 1065 585 -136-

810 836 1086 949 Guarana.

455 1061 641 1134 Paullinio
653 1060 793 1134 sorbilia
807 1063 1008 1150 Martius,
1024 1065 1135 1136 arbor
1145 1062 1182 1134 in
1193 1062 1347 1135 Brasilia
1358 1064 1543 1156 indigena.

349 1189 595 1285 bamndomoa

454 1318 605 1391 Massae
623 1318 776 1404 solidae,
796 1316 1028 1407 durissimae,
1049 1320 1296 1411 ponderosae,
1313 1319 1544 1411 cylindricae,

349 1446 617 1534 botulilormes,
638 1468 757 1518 unum
777 1447 824 1518 ad
845 1446 920 1518 duo
940 1447 1144 1521 decimetra
1162 1448 1305 1537 longae,
1323 1450 1484 1540 quatuor
1499 1447 1545 1519 ad

348 1575 510 1666 quinque
531 1574 749 1647 centimetra
772 1595 940 1662 crassae,
967 1598 986 1647 e
1006 1576 1211 1648 seminibus
1232 1577 1304 1648 leni
1324 1576 1409 1667 igne
1431 1577 1544 1648 sicca·

353 1703 411 1790 tia,
435 1704 651 1794 pulveratis
672 1723 758 1775 cum
779 1724 879 1795 aqua
899 1702 936 1774 in
957 1708 1105 1793 pastam
1124 1704 1287 1776 redactis
1308 1703 1489 1776 formatae
1511 1709 1547 1775 et

348 1830 527 1917 siccatae,
542 1829 738 1922 superficie
758 1830 916 1902 obscure
938 1852 957 1902 e
977 1830 1248 1919 rubro-fuscae,
1268 1830 1488 1916 subnitidae,
1507 1830 1545 1901 in

347 1957 513 2029 fractura
540 1956 729 2051 inaequali
760 1956 1033 2048 subgranulata
1061 1958 1330 2044 fusco-rubrae,
1360 1957 1544 2031 interdum

348 2083 565 2175 fragmentis
585 2084 719 2157 albidis
740 2084 928 2156 seminum
947 2084 1100 2157 inclusis
1126 2086 1445 2172 submarmoreae,
1464 2084 1544 2176 pul·

347 2233 472 2284 verem
510 2212 734 2303 praebentes
774 2233 964 2299 carneum,
1003 2212 1151 2303 saporis
1188 2211 1542 2302 subadstringentis,

348 2339 599 2426 amariuseuli,
616 2339 690 2431 qui,
706 2339 952 2430 microscopio
969 2339 1197 2430 exploratus
1215 2343 1363 2412 constat
1378 2360 1397 2410 e
1414 2361 1546 2430 granu·

347 2466 391 2538 lis
412 2465 566 2538 minutis
591 2465 701 2556 amyli
723 2467 932 2558 compositi,
962 2467 1097 2558 partim
1127 2467 1291 2558 integris,
1321 2466 1456 2559 partim
1486 2467 1546 2538 de·

347 2594 544 2682 lormibuS,
576 2593 865 2684 conglomeratis
905 2600 942 2667 et
979 2616 998 2666 e
1038 2594 1178 2667 cellulis
1207 2592 1547 2687 parenclrymaticis

347 2721 555 2795 rotundatis
571 2726 638 2794 aut
651 2721 1073 2814 rotundato-polyedris,
1090 2721 1311 2795 membrana
1324 2720 1547 2795 tumescenti

349 2850 484 2938 albida,
515 2849 679 2941 amylum
710 2850 748 2921 in
781 2854 882 2922 statu
910 2872 1026 2942 supra
1054 2850 1239 2942 descripto
1260 2848 1545 2922 includentibus

714 3243 919 3355 Gummi
951 3246 1193 3352 dcaciae.

740 3473 903 3554 Gummi
926 3474 1158 3552 Arabicum.

457 3670 588 3742 Acucia
625 3669 730 3742 Vcrelc
765 3670 1008 3745 Guillemin
1041 3676 1078 3743 et
1116 3670 1350 3742 Perrottet
1381 3671 1418 3739 et
1456 3665 1550 3737 aliae

350 3797 500 3870 Aeacide
537 3798 696 3890 species,
731 3798 769 3870 in
809 3803 914 3870 terris
953 3799 1000 3870 ad
1039 3797 1162 3869 Nilum
1200 3795 1431 3888 superiorem
1469 3792 1549 3864 sitis

349 3930 561 3998 nascentes,
583 3924 843 4022 Lepuozinosae.
864 3924 1106 3998 Mimosaceoe.

460 4052 628 4126 Occurrit
667 4054 705 4125 in
743 4053 870 4125 frustis
914 4055 1000 4145 plus
1039 4053 1165 4125 minus
1213 4051 1391 4142 globosis,
1427 4048 1551 4122 variae

350 4181 631 4273 magnitudinis,
653 4181 765 4267 duris
785 4180 978 4271 fragilibus
999 4181 1292 4270 lriabilibusque,
1313 4176 1552 4264 incoloribuS,

349 4308 528 4400 limpidis,
561 4308 761 4399 diapbauis
792 4313 857 4381 aut
890 4308 1037 4396 albidis,
1058 4329 1135 4380 non
1165 4304 1377 4399 pellucidiS,
1409 4304 1551 4377 rimulis

350 4435 683 4522 innumerabilibus
709 4434 887 4525 trajectio,
908 4440 1136 4526 quapropter
1156 4433 1261 4506 lacile
1283 4431 1552 4505 dissilientibus

350 4563 389 4636 in
403 4563 563 4637 frustula
587 4563 800 4656 inaequalia
816 4563 1053 4654 acutangula‚
1078 4562 1301 4634 infractura
1323 4558 1555 4633 couehoidea

351 4691 469 4764 vitreo
489 4692 657 4775 nitentia,
676 4713 751 4763 non
772 4712 857 4762 raro
879 4689 1122 4762 iridescentia.
