3500 5450
667 589 907 660 -197-

186 805 224 876 ia
245 803 384 877 massis
404 803 527 877 farma
545 805 706 879 laterum
727 813 987 898 angustarum,
1019 807 1155 879 calaris
1177 806 1384 879 aurantiaci

187 935 254 1003 aul
271 930 596 1006 rubicundo-susci
616 939 653 1007 et
672 934 787 1006 albidi
807 935 997 1026 variegati
1013 935 1385 1026 crystallina-granu·

186 1058 322 1147 lasum,
342 1059 469 1133 adoris
491 1066 527 1133 et
546 1062 696 1155 saporis
717 1063 875 1135 seminis
896 1061 1120 1153 Myristicae.

294 1185 426 1259 Calore
460 1209 593 1261 versus
626 1188 712 1262 45Ο
750 1190 799 1262 ad
822 1190 1010 1282 liquorem
1039 1210 1058 1260 e
1087 1190 1194 1261 lusca
1213 1189 1379 1276 rubrum,

184 1334 264 1386 non
288 1314 400 1407 plane
428 1314 624 1407 limpidum
642 1316 826 1408 liquescit,
855 1317 897 1389 in
920 1315 1082 1403 aethere,
1103 1317 1235 1408 spiritu
1250 1316 1326 1388 vini
1345 1321 1383 1387 et

189 1438 455 1515 chloraiarmio
483 1442 640 1516 ferventi
673 1444 785 1536 plane
819 1444 991 1532 solubile,
1021 1426 1260 1517 solummodo
1294 1443 1382 1515 resi-

186 1569 304 1642 duum
322 1570 579 1662 perexiguum,
609 1593 628 1643 e
661 1569 903 1664 paucissimis
924 1571 1036 1662 amyli
1070 1570 1207 1662 granis,
1242 1570 1385 1643 cellulis

187 1696 357 1769 discretis
393 1702 458 1771 aut
490 1697 682 1790 particulis
717 1698 813 1771 telae
848 1698 1004 1771 seminis
1037 1697 1248 1790 Myristicae
1284 1719 1384 1770 cam·

184 1824 350 1917 positum
370 1823 598 1917 relinquens.

579 2219 763 2329 (ileum
788 2217 995 2333 Olivaa.

293 2459 321 2530 Ε
336 2459 516 2534 fructibus
528 2459 843 2558 OlcacEaropaeae
858 2461 1015 2555 (Lina.)
1026 2483 1094 2554 per
1105 2461 1386 2554 expressionem

183 2585 354 2678 frigidam
389 2588 583 2661 obtentum
617 2590 743 2662 oleum
780 2590 930 2681 pingue,
970 2589 1016 2660 ad
1051 2609 1166 2662 usum
1193 2586 1381 2661 internum

183 2713 334 2787 nonnisi
349 2714 595 2808 purissimum
609 2716 894 2806 admittendum,
907 2716 1042 2790 colaris
1058 2716 1145 2790 ssavi
1164 2714 1223 2788 vel
1238 2738 1258 2790 e
1273 2715 1381 2789 viridi

184 2843 282 2931 ilari,
322 2842 473 2935 saporis
512 2842 624 2932 mitis,
661 2844 788 2916 adoris
826 2845 921 2918 levis
958 2843 1167 2938 peculiaris
1205 2844 1385 2937 ponderis

185 2969 351 3062 specifici
384 2969 692 3044 uam-asra.
732 2971 862 3045 Calore
902 2971 1046 3045 circiter
1083 2973 1161 3044 10⁰
1202 2971 1387 3064 rigescere

188 3097 330 3191 incipit,
352 3098 475 3171 calore
490 3099 539 3170 0⁰
564 3098 612 3171 ad
628 3119 797 3171 massam
815 3099 977 3172 solidam
997 3098 1204 3192 spissescit.

291 3224 423 3297 Partes
443 3225 658 3317 quindecim
677 3224 749 3298 alei
770 3246 854 3298 cunr
885 3225 1057 3318 partibus
1087 3226 1235 3300 duabus
1265 3249 1385 3320 aquae

187 3358 225 3425 et
256 3352 377 3425 tribus
412 3352 508 3426 acidi
541 3352 663 3426 nitriai
701 3351 882 3425 fumantis
909 3353 1202 3446 conquassanda
1236 3354 1386 3444 urixtae,

189 3478 352 3553 colorem
371 3480 527 3553 rubrum
546 3481 605 3554 vel
625 3479 776 3552 fuscum
796 3501 843 3552 ne
862 3481 1087 3572 producant.

292 3605 540 3703 Emplastrum
559 3607 794 3680 adhaesiaam.
820 3605 938 3699 Empe.
966 3608 1236 3681 Cantharidum.
1266 3606 1385 3703 mnpl.

190 3732 365 3806 cerussae.
397 3732 513 3830 Empl.
538 3734 694 3807 Melilola'.
721 3732 837 3830 Empi.
865 3734 987 3806 Mmtt.
1019 3735 1135 3830 Empl.
1163 3743 1387 3830 caperratum.

184 3859 425 3934 Diaimemam
458 3862 723 3934 ammoniatam.
770 3844 891 3934 Oleum
919 3863 1186 3959 complacatum
1215 3869 1247 3933 ct
1274 3862 1387 3960 Hyas·

185 3989 301 4082 cyami
317 3989 488 4082 foliarum
508 3997 649 4063 coctum.
676 3988 898 4088 Unguentum
918 3990 1129 4086 Diacdplaa.

440 4385 625 4494 ilicum
650 4383 768 4494 Piai
797 4386 1129 4496 Pumilianis.

294 4627 497 4700 Eramulis
518 4628 654 4702 ialialis
688 4628 776 4700 Pim
795 4628 1012 4700 Prcmilioais
1042 4629 1090 4725 (ll
1099 4628 1282 4724 aencke)
1320 4650 1389 4720 per

186 4752 471 4826 destillationem
489 4760 662 4847 paratum
682 4757 807 4830 oleum
832 4757 1060 4847 aethereum,
1083 4757 1132 4828 sit
1152 4756 1304 4828 decolor
1324 4760 1386 4827 aut
