3500 5450
879 529 1120 604 -118-

392 746 523 840 glabra
551 754 617 822 aut
645 749 788 838 villosa,
819 749 1052 842 glandulosa,
1086 752 1212 826 odoris
1246 757 1352 844 grate
1390 753 1591 845 aromatici,

392 876 463 949 sub
485 882 653 970 tempore
673 878 930 952 florescentiae
960 879 1114 952 collecta
1142 886 1179 953 et
1207 880 1357 970 siccata,
1388 884 1592 974 quotannis

391 1003 621 1079 renovanda.

500 1133 606 1227 Aqua
625 1135 817 1206 aromatica
838 1135 1044 1229 spiritaosa.
1068 1136 1173 1230 Aqua
1191 1136 1433 1209 carmiaaiiva.
1455 1134 1590 1232 Species

391 1263 609 1334 aromaticae.

617 1762 769 1872 liclia
791 1764 1050 1874 Montboo
1077 1766 1364 1909 piperitoc.

500 2041 639 2116 Mentha
666 2043 822 2138 piperita
850 2044 983 2132 Linn,
1016 2045 1145 2138 planta
1172 2045 1349 2138 perennis
1372 2045 1514 2138 passim
1552 2052 1593 2116 in

390 2171 510 2244 hortis
530 2171 638 2244 culta.
659 2168 840 2244 Labratae.

500 2299 603 2371 Folia
630 2299 818 2392 petiolata,
847 2300 986 2392 petioio
1015 2307 1100 2374 octo
1134 2301 1184 2373 ad
1217 2300 1348 2374 decem
1380 2300 1594 2372 millimetra

390 2425 515 2515 longo,
528 2427 890 2518 ovato-oblongam]
909 2411 1310 2520 oblongo-lanceolata,
1322 2419 1539 2515 adutabasi
1549 2427 1589 2499 in

391 2551 571 2644 petiolum
591 2558 795 2643 contracta,
825 2554 1071 2646 inaequaliter
1090 2562 1219 2647 argute
1239 2561 1395 2643 serrata,
1425 2575 1590 2646 superne

390 2682 558 2755 saturata
577 2681 721 2771 viridia,
742 2682 875 2755 subtus
892 2659 1098 2774 pallidiora,
1118 2685 1157 2755 in
1173 2688 1331 2776 utraque
1345 2687 1450 2777 parte
1461 2681 1591 2775 glabra

391 2808 450 2880 vel
465 2808 704 2883 solummodo
721 2811 768 2882 ad
783 2832 920 2884 nervos
935 2812 1190 2904 pubescentia,
1206 2810 1441 2903 glanduiosa,
1462 2810 1588 2882 nervis

390 2936 622 3009 secundariis
639 2938 814 3027 arcuatis
835 2940 961 3012 odoris
978 2938 1187 3030 fragrantia,
1206 2938 1406 3011 masticata
1423 2938 1588 3031 primurn

392 3063 536 3151 caloris
554 3063 641 3137 dein
655 3065 801 3157 frigoris
816 3086 972 3139 sensum
992 3067 1032 3138 in
1051 3088 1114 3139 ore
1131 3072 1166 3139 et
1184 3067 1355 3139 faucibus
1376 3065 1586 3153 excitantia,

391 3211 411 3263 e
437 3191 551 3284 stirpe
571 3192 789 3266 florescente
810 3194 996 3286 decerpta,
1018 3194 1196 3267 siccanda
1223 3214 1292 3266 nec
1321 3193 1416 3267 ultra
1444 3213 1588 3265 annum

389 3318 588 3391 servanda.

496 3445 550 3518 Ne
570 3447 848 3520 confundantur
875 3447 973 3522 soliis
1002 3448 1159 3521 aliarum
1179 3448 1352 3522 Menthae
1377 3447 1587 3542 specierum

392 3573 493 3666 apud
508 3594 579 3646 nos
594 3573 857 3666 indigenarum
872 3580 938 3648 aut
952 3574 991 3647 in
1002 3575 1120 3648 honis
1136 3576 1320 3649 cultarum
1329 3575 1440 3666 longe
1451 3574 1588 3647 diversi

392 3701 519 3774 odoris
534 3706 571 3774 ct
585 3700 742 3794 saporis
759 3706 802 3773 ut
815 3701 913 3774 soliis
930 3704 1126 3776 sessilibus
1142 3708 1208 3776 aut
1223 3702 1502 3791 subsessilibus,
1521 3724 1587 3775 no·

390 3829 549 3902 tabiliter
568 3831 663 3902 laete
681 3829 861 3902 viridibus
881 3829 1039 3902 Maniliae
1056 3831 1185 3902 viridis
1210 3831 1378 3927 (Lino),
1407 3835 1472 3903 aut
1490 3830 1587 3903 foliis

388 3955 594 4047 sessiiibuS,
638 3958 773 4031 subtus
810 3957 994 4049 imprimis
1021 3958 1401 4083 albida-tomentosis
1433 3957 1589 4030 Materiae

388 4083 557 4156 silvestris
579 4084 743 4176 (Lina),
762 4089 828 4157 aut
841 4084 941 4158 foliis
956 4085 1144 4178 petiolatis
1160 4086 1342 4178 oblongis,
1357 4085 1395 4159 in
1406 4086 1587 4180 petiolum

388 4211 654 4302 desinentibus,
684 4234 800 4304 supra
831 4212 998 4285 medium
1031 4214 1193 4303 serratis,
1226 4214 1402 4287 minutim
1440 4213 1586 4303 cibatis

389 4339 523 4412 subtus
551 4340 636 4431 pilis
655 4339 903 4431 longiusculis
924 4342 1219 4431 canescentibus
1243 4341 1473 4415 tenuioribus
1494 4340 1588 4413 Mea-

387 4466 464 4538 thae
479 4467 617 4562 pratilis
638 4468 802 4565 (Lina).

494 4594 609 4690 Aqua.
622 4591 792 4689 Spiritus
804 4593 979 4692 Syrapas.
990 4598 1133 4668 Aeetam
1149 4604 1179 4669 et
1193 4596 1432 4669 Eiectaariam
1447 4619 1587 4668 aromo·

385 4722 502 4794 ticum.
