<?xml version="1.0" encoding="UTF-8"?>
<!DOCTYPE html PUBLIC "-//W3C//DTD XHTML 1.0 Transitional//EN"
    "http://www.w3.org/TR/xhtml1/DTD/xhtml1-transitional.dtd">
<html xmlns="http://www.w3.org/1999/xhtml" xml:lang="en" lang="en">
 <head>
  <title>
</title>
<meta http-equiv="Content-Type" content="text/html;charset=utf-8" />
  <meta name='ocr-system' content='tesseract 3.04.00' />
  <meta name='ocr-capabilities' content='ocr_page ocr_carea ocr_par ocr_line ocrx_word'/>
</head>
<body>
  <div class='ocr_page' id='page_1' title='image "./pharmacopoeaaus02unkngoog_0240.png"; bbox 0 0 3500 5450; ppageno 0'>
   <div class='ocr_carea' id='block_1_1' title="bbox 859 458 1103 530">
    <p class='ocr_par' dir='ltr' id='par_1_1' title="bbox 859 458 1103 530">
     <span class='ocr_line' id='line_1_1' title="bbox 859 458 1103 530; baseline -0.004 0"><span class='ocrx_word' id='word_1_1' title='bbox 859 458 1103 530; x_wconf 74' lang='lat' dir='ltr'>-alo-</span> 
     </span>
    </p>
   </div>
   <div class='ocr_carea' id='block_1_2' title="bbox 383 670 1580 894">
    <p class='ocr_par' dir='ltr' id='par_1_2' title="bbox 383 670 1580 894">
     <span class='ocr_line' id='line_1_2' title="bbox 519 670 1580 774; baseline -0.003 -24"><span class='ocrx_word' id='word_1_2' title='bbox 519 673 639 774; x_wconf 73' lang='lat' dir='ltr'>Aque</span> <span class='ocrx_word' id='word_1_3' title='bbox 659 670 867 752; x_wconf 56' lang='lat' dir='ltr'>destillante</span> <span class='ocrx_word' id='word_1_4' title='bbox 889 674 1028 753; x_wconf 70' lang='lat' dir='ltr'>calidae</span> <span class='ocrx_word' id='word_1_5' title='bbox 1082 678 1253 774; x_wconf 67' lang='lat' dir='ltr'>praeuntis</span> <span class='ocrx_word' id='word_1_6' title='bbox 1273 676 1437 769; x_wconf 75' lang='lat' dir='ltr'>trecenos,</span> <span class='ocrx_word' id='word_1_7' title='bbox 1502 678 1580 750; x_wconf 88' lang='lat'>300</span> 
     </span>
     <span class='ocr_line' id='line_1_3' title="bbox 383 821 634 894; baseline 0.004 -1"><span class='ocrx_word' id='word_1_8' title='bbox 383 822 516 894; x_wconf 87' lang='lat' dir='ltr'>deinde</span> <span class='ocrx_word' id='word_1_9' title='bbox 537 821 634 894; x_wconf 91' lang='lat' dir='ltr'>adde</span> 
     </span>
    </p>
   </div>
   <div class='ocr_carea' id='block_1_3' title="bbox 383 966 1578 1360">
    <p class='ocr_par' dir='ltr' id='par_1_3' title="bbox 383 966 1578 1360">
     <span class='ocr_line' id='line_1_4' title="bbox 518 966 1578 1070; baseline -0.005 -23"><span class='ocrx_word' id='word_1_10' title='bbox 518 966 688 1047; x_wconf 73' lang='lat' dir='ltr'>Sacellurl</span> <span class='ocrx_word' id='word_1_11' title='bbox 709 971 892 1070; x_wconf 68' lang='lat' dir='ltr'>pullenti</span> <span class='ocrx_word' id='word_1_12' title='bbox 912 1017 916 1023; x_wconf 92' lang='lat'>·</span> <span class='ocrx_word' id='word_1_13' title='bbox 945 978 1146 1069; x_wconf 77' lang='lat' dir='ltr'>prurrrurutu</span> <span class='ocrx_word' id='word_1_14' title='bbox 1167 971 1407 1067; x_wconf 72' lang='lat' dir='ltr'>quadruplata</span> <span class='ocrx_word' id='word_1_15' title='bbox 1526 971 1578 1042; x_wconf 77' lang='lat'>40</span> 
     </span>
     <span class='ocr_line' id='line_1_5' title="bbox 383 1119 604 1191; baseline -0.005 0"><span class='ocrx_word' id='word_1_16' title='bbox 383 1119 498 1191; x_wconf 82' lang='lat' dir='ltr'>mixta</span> <span class='ocrx_word' id='word_1_17' title='bbox 518 1140 604 1191; x_wconf 90' lang='lat' dir='ltr'>cum</span> 
     </span>
     <span class='ocr_line' id='line_1_6' title="bbox 517 1260 1414 1360; baseline -0.006 -21"><span class='ocrx_word' id='word_1_18' title='bbox 517 1260 594 1339; x_wconf 74' lang='lat' dir='ltr'>blot</span> <span class='ocrx_word' id='word_1_19' title='bbox 614 1261 701 1339; x_wconf 74' lang='lat' dir='ltr'>ditrl</span> <span class='ocrx_word' id='word_1_20' title='bbox 834 1312 836 1315; x_wconf 33' lang='lat' dir='ltr'>v</span> <span class='ocrx_word' id='word_1_21' title='bbox 1209 1270 1311 1360; x_wconf 75' lang='lat' dir='ltr'>putto</span> <span class='ocrx_word' id='word_1_22' title='bbox 1329 1286 1414 1334; x_wconf 84' lang='lat' dir='ltr'>unu.</span> 
     </span>
    </p>
   </div>
   <div class='ocr_carea' id='block_1_4' title="bbox 382 1408 1578 1629">
    <p class='ocr_par' dir='ltr' id='par_1_4' title="bbox 382 1408 1578 1629">
     <span class='ocr_line' id='line_1_7' title="bbox 490 1408 1578 1502; baseline -0.003 -20"><span class='ocrx_word' id='word_1_23' title='bbox 490 1410 691 1502; x_wconf 88' lang='lat' dir='ltr'>Liquorem</span> <span class='ocrx_word' id='word_1_24' title='bbox 719 1410 900 1483; x_wconf 87' lang='lat' dir='ltr'>filtratum</span> <span class='ocrx_word' id='word_1_25' title='bbox 930 1414 966 1483; x_wconf 91' lang='lat' dir='ltr'>et</span> <span class='ocrx_word' id='word_1_26' title='bbox 991 1410 1249 1501; x_wconf 82' lang='lat' dir='ltr'>refrigeratum</span> <span class='ocrx_word' id='word_1_27' title='bbox 1276 1408 1432 1481; x_wconf 91' lang='lat' dir='ltr'>immitte</span> <span class='ocrx_word' id='word_1_28' title='bbox 1462 1409 1499 1479; x_wconf 90' lang='lat' dir='ltr'>in</span> <span class='ocrx_word' id='word_1_29' title='bbox 1528 1408 1578 1480; x_wconf 89' lang='lat' dir='ltr'>la-</span> 
     </span>
     <span class='ocr_line' id='line_1_8' title="bbox 382 1537 1137 1629; baseline 0.001 -20"><span class='ocrx_word' id='word_1_30' title='bbox 382 1560 517 1629; x_wconf 82' lang='lat' dir='ltr'>genam</span> <span class='ocrx_word' id='word_1_31' title='bbox 535 1537 713 1610; x_wconf 81' lang='lat' dir='ltr'>idoneam</span> <span class='ocrx_word' id='word_1_32' title='bbox 734 1542 770 1609; x_wconf 92' lang='lat' dir='ltr'>et</span> <span class='ocrx_word' id='word_1_33' title='bbox 790 1537 861 1610; x_wconf 92' lang='lat' dir='ltr'>cito</span> <span class='ocrx_word' id='word_1_34' title='bbox 881 1537 988 1628; x_wconf 89' lang='lat' dir='ltr'>injice</span> <span class='ocrx_word' id='word_1_35' title='bbox 1135 1616 1137 1621; x_wconf 63' lang='grc'><strong>,</strong></span> 
     </span>
    </p>
   </div>
   <div class='ocr_carea' id='block_1_5' title="bbox 518 1677 1578 1907">
    <p class='ocr_par' dir='ltr' id='par_1_5' title="bbox 518 1677 1578 1907">
     <span class='ocr_line' id='line_1_9' title="bbox 518 1677 1198 1779; baseline 0.001 -24"><span class='ocrx_word' id='word_1_36' title='bbox 518 1677 630 1757; x_wconf 82' lang='lat' dir='ltr'>Natrii</span> <span class='ocrx_word' id='word_1_37' title='bbox 650 1677 954 1779; x_wconf 74' lang='lat' dir='ltr'>hydrouarbonici</span> <span class='ocrx_word' id='word_1_38' title='bbox 973 1680 1009 1758; x_wconf 77' lang='lat' dir='ltr'>in</span> <span class='ocrx_word' id='word_1_39' title='bbox 1031 1680 1198 1757; x_wconf 76' lang='lat' dir='ltr'>frustulis</span> 
     </span>
     <span class='ocr_line' id='line_1_10' title="bbox 899 1809 1578 1907; baseline -0.001 -25"><span class='ocrx_word' id='word_1_40' title='bbox 899 1833 1060 1907; x_wconf 69' lang='lat' dir='ltr'>pruritum</span> <span class='ocrx_word' id='word_1_41' title='bbox 1079 1833 1189 1880; x_wconf 68' lang='lat' dir='ltr'>unuln</span> <span class='ocrx_word' id='word_1_42' title='bbox 1209 1816 1240 1881; x_wconf 82' lang='lat' dir='ltr'>ct</span> <span class='ocrx_word' id='word_1_43' title='bbox 1258 1809 1457 1882; x_wconf 78' lang='lat' dir='ltr'>dintidlum.</span> <span class='ocrx_word' id='word_1_44' title='bbox 1518 1809 1578 1881; x_wconf 87' lang='lat'>1·5</span> 
     </span>
    </p>
   </div>
   <div class='ocr_carea' id='block_1_6' title="bbox 382 1956 1580 2304">
    <p class='ocr_par' dir='ltr' id='par_1_6' title="bbox 382 1956 1580 2304">
     <span class='ocr_line' id='line_1_11' title="bbox 491 1956 1580 2049; baseline -0.005 -19"><span class='ocrx_word' id='word_1_45' title='bbox 491 1958 643 2049; x_wconf 81' lang='lat' dir='ltr'>Lagona</span> <span class='ocrx_word' id='word_1_46' title='bbox 664 1956 792 2029; x_wconf 88' lang='lat' dir='ltr'>statim</span> <span class='ocrx_word' id='word_1_47' title='bbox 812 1957 1010 2029; x_wconf 81' lang='lat' dir='ltr'>claudatur</span> <span class='ocrx_word' id='word_1_48' title='bbox 1029 1957 1164 2030; x_wconf 80' lang='lat' dir='ltr'>subere</span> <span class='ocrx_word' id='word_1_49' title='bbox 1185 1961 1221 2028; x_wconf 90' lang='lat' dir='ltr'>et</span> <span class='ocrx_word' id='word_1_50' title='bbox 1240 1957 1441 2048; x_wconf 81' lang='lat' dir='ltr'>ligamento</span> <span class='ocrx_word' id='word_1_51' title='bbox 1466 1959 1580 2026; x_wconf 89' lang='lat' dir='ltr'>antea</span> 
     </span>
     <span class='ocr_line' id='line_1_12' title="bbox 382 2082 1577 2177; baseline -0.003 -20"><span class='ocrx_word' id='word_1_52' title='bbox 382 2085 638 2174; x_wconf 85' lang='lat' dir='ltr'>accomodata,</span> <span class='ocrx_word' id='word_1_53' title='bbox 659 2105 703 2157; x_wconf 87' lang='lat' dir='ltr'>eo</span> <span class='ocrx_word' id='word_1_54' title='bbox 720 2084 845 2174; x_wconf 88' lang='lat' dir='ltr'>modo,</span> <span class='ocrx_word' id='word_1_55' title='bbox 867 2106 941 2177; x_wconf 88' lang='lat' dir='ltr'>quo</span> <span class='ocrx_word' id='word_1_56' title='bbox 957 2085 1114 2176; x_wconf 83' lang='lat' dir='ltr'>lagenae</span> <span class='ocrx_word' id='word_1_57' title='bbox 1135 2105 1221 2156; x_wconf 92' lang='lat' dir='ltr'>cum</span> <span class='ocrx_word' id='word_1_58' title='bbox 1241 2082 1448 2176; x_wconf 85' lang='lat' dir='ltr'>liquoribus</span> <span class='ocrx_word' id='word_1_59' title='bbox 1470 2083 1577 2154; x_wconf 84' lang='lat' dir='ltr'>elier·</span> 
     </span>
     <span class='ocr_line' id='line_1_13' title="bbox 382 2210 1327 2304; baseline -0.004 -18"><span class='ocrx_word' id='word_1_60' title='bbox 382 2213 621 2286; x_wconf 78' lang='lat' dir='ltr'>vescentibus</span> <span class='ocrx_word' id='word_1_61' title='bbox 636 2213 810 2304; x_wconf 78' lang='lat' dir='ltr'>impletae</span> <span class='ocrx_word' id='word_1_62' title='bbox 830 2212 995 2284; x_wconf 87' lang='lat' dir='ltr'>obturari</span> <span class='ocrx_word' id='word_1_63' title='bbox 1014 2216 1051 2284; x_wconf 92' lang='lat' dir='ltr'>et</span> <span class='ocrx_word' id='word_1_64' title='bbox 1069 2210 1175 2303; x_wconf 84' lang='lat' dir='ltr'>ligari</span> <span class='ocrx_word' id='word_1_65' title='bbox 1194 2211 1327 2284; x_wconf 83' lang='lat' dir='ltr'>solent.</span> 
     </span>
    </p>
   </div>
   <div class='ocr_carea' id='block_1_7' title="bbox 636 2713 1332 2859">
    <p class='ocr_par' dir='ltr' id='par_1_7' title="bbox 636 2713 1332 2859">
     <span class='ocr_line' id='line_1_14' title="bbox 636 2713 1332 2859; baseline -0.003 -36"><span class='ocrx_word' id='word_1_66' title='bbox 636 2714 811 2859; x_wconf 88' lang='lat' dir='ltr'>Pulpo</span> <span class='ocrx_word' id='word_1_67' title='bbox 835 2713 1056 2825; x_wconf 74' lang='lat' dir='ltr'>Cassiae</span> <span class='ocrx_word' id='word_1_68' title='bbox 1084 2714 1332 2823; x_wconf 80' lang='lat' dir='ltr'>llistuloa</span> 
     </span>
    </p>
   </div>
   <div class='ocr_carea' id='block_1_8' title="bbox 381 2972 1145 3071">
    <p class='ocr_par' dir='ltr' id='par_1_8' title="bbox 381 2972 1145 3071">
     <span class='ocr_line' id='line_1_15' title="bbox 381 2972 1145 3071; baseline -0.001 -23"><span class='ocrx_word' id='word_1_69' title='bbox 381 2977 481 3070; x_wconf 85' lang='lat' dir='ltr'>Rpe:</span> <span class='ocrx_word' id='word_1_70' title='bbox 516 2975 667 3054; x_wconf 76' lang='lat' dir='ltr'>Fructus</span> <span class='ocrx_word' id='word_1_71' title='bbox 687 2974 828 3053; x_wconf 70' lang='lat' dir='ltr'>bassino</span> <span class='ocrx_word' id='word_1_72' title='bbox 847 2972 1005 3052; x_wconf 70' lang='lat' dir='ltr'>listune</span> <span class='ocrx_word' id='word_1_73' title='bbox 1061 3000 1092 3071; x_wconf 85' lang='lat' dir='ltr'>q.</span> <span class='ocrx_word' id='word_1_74' title='bbox 1115 3002 1145 3048; x_wconf 88' lang='lat' dir='ltr'>v.</span> 
     </span>
    </p>
   </div>
   <div class='ocr_carea' id='block_1_9' title="bbox 384 3122 1579 3343">
    <p class='ocr_par' dir='ltr' id='par_1_9' title="bbox 384 3122 1579 3343">
     <span class='ocr_line' id='line_1_16' title="bbox 491 3122 1579 3217; baseline 0.002 -22"><span class='ocrx_word' id='word_1_75' title='bbox 491 3124 618 3196; x_wconf 84' lang='lat' dir='ltr'>Exime</span> <span class='ocrx_word' id='word_1_76' title='bbox 655 3124 810 3217; x_wconf 84' lang='lat' dir='ltr'>pulpam</span> <span class='ocrx_word' id='word_1_77' title='bbox 848 3143 934 3195; x_wconf 91' lang='lat' dir='ltr'>cum</span> <span class='ocrx_word' id='word_1_78' title='bbox 973 3122 1249 3214; x_wconf 88' lang='lat' dir='ltr'>dissepimentis</span> <span class='ocrx_word' id='word_1_79' title='bbox 1284 3124 1508 3197; x_wconf 85' lang='lat' dir='ltr'>transversis</span> <span class='ocrx_word' id='word_1_80' title='bbox 1544 3131 1579 3197; x_wconf 88' lang='lat' dir='ltr'>et</span> 
     </span>
     <span class='ocr_line' id='line_1_17' title="bbox 384 3250 1094 3343; baseline -0.003 -19"><span class='ocrx_word' id='word_1_81' title='bbox 384 3252 589 3324; x_wconf 85' lang='lat' dir='ltr'>seminibus</span> <span class='ocrx_word' id='word_1_82' title='bbox 611 3272 681 3343; x_wconf 90' lang='lat' dir='ltr'>ope</span> <span class='ocrx_word' id='word_1_83' title='bbox 702 3250 886 3342; x_wconf 82' lang='lat' dir='ltr'>spatulae,</span> <span class='ocrx_word' id='word_1_84' title='bbox 907 3250 987 3322; x_wconf 88' lang='lat' dir='ltr'>elue</span> <span class='ocrx_word' id='word_1_85' title='bbox 1008 3271 1094 3322; x_wconf 92' lang='lat' dir='ltr'>cum</span> 
     </span>
    </p>
   </div>
   <div class='ocr_carea' id='block_1_10' title="bbox 517 3393 1169 3495">
    <p class='ocr_par' dir='ltr' id='par_1_10' title="bbox 517 3393 1169 3495">
     <span class='ocr_line' id='line_1_18' title="bbox 517 3393 1169 3495; baseline -0.009 -22"><span class='ocrx_word' id='word_1_86' title='bbox 517 3396 638 3495; x_wconf 75' lang='lat' dir='ltr'>lunae</span> <span class='ocrx_word' id='word_1_87' title='bbox 658 3394 866 3474; x_wconf 75' lang='lat' dir='ltr'>destillatao</span> <span class='ocrx_word' id='word_1_88' title='bbox 885 3393 1032 3494; x_wconf 74' lang='lat' dir='ltr'>tepidae</span> <span class='ocrx_word' id='word_1_89' title='bbox 1088 3420 1113 3468; x_wconf 75' lang='lat' dir='ltr'>a.</span> <span class='ocrx_word' id='word_1_90' title='bbox 1137 3421 1169 3492; x_wconf 83' lang='lat' dir='ltr'>q.</span> 
     </span>
    </p>
   </div>
   <div class='ocr_carea' id='block_1_11' title="bbox 381 3543 1577 3886">
    <p class='ocr_par' dir='ltr' id='par_1_11' title="bbox 381 3543 1577 3886">
     <span class='ocr_line' id='line_1_19' title="bbox 491 3543 1577 3636; baseline 0 -20"><span class='ocrx_word' id='word_1_91' title='bbox 491 3543 635 3635; x_wconf 87' lang='lat' dir='ltr'>Trajice</span> <span class='ocrx_word' id='word_1_92' title='bbox 655 3565 723 3635; x_wconf 90' lang='lat' dir='ltr'>per</span> <span class='ocrx_word' id='word_1_93' title='bbox 743 3543 907 3615; x_wconf 83' lang='lat' dir='ltr'>cribrum</span> <span class='ocrx_word' id='word_1_94' title='bbox 928 3549 1129 3629; x_wconf 88' lang='lat' dir='ltr'>setaceum‚</span> <span class='ocrx_word' id='word_1_95' title='bbox 1151 3546 1188 3615; x_wconf 86' lang='lat' dir='ltr'>et</span> <span class='ocrx_word' id='word_1_96' title='bbox 1206 3543 1371 3636; x_wconf 86' lang='lat' dir='ltr'>inspissa</span> <span class='ocrx_word' id='word_1_97' title='bbox 1384 3544 1423 3617; x_wconf 87' lang='lat' dir='ltr'>in</span> <span class='ocrx_word' id='word_1_98' title='bbox 1443 3545 1577 3618; x_wconf 84' lang='lat' dir='ltr'>balneo</span> 
     </span>
     <span class='ocr_line' id='line_1_20' title="bbox 382 3671 1576 3763; baseline 0 -19"><span class='ocrx_word' id='word_1_99' title='bbox 382 3693 502 3763; x_wconf 86' lang='lat' dir='ltr'>aquae</span> <span class='ocrx_word' id='word_1_100' title='bbox 530 3671 679 3742; x_wconf 86' lang='lat' dir='ltr'>invase</span> <span class='ocrx_word' id='word_1_101' title='bbox 704 3671 941 3762; x_wconf 86' lang='lat' dir='ltr'>porcellaneo</span> <span class='ocrx_word' id='word_1_102' title='bbox 969 3672 1016 3742; x_wconf 88' lang='lat' dir='ltr'>ad</span> <span class='ocrx_word' id='word_1_103' title='bbox 1038 3671 1189 3743; x_wconf 79' lang='lat' dir='ltr'>extracti</span> <span class='ocrx_word' id='word_1_104' title='bbox 1215 3671 1340 3763; x_wconf 89' lang='lat' dir='ltr'>liquidi</span> <span class='ocrx_word' id='word_1_105' title='bbox 1368 3673 1576 3750; x_wconf 84' lang='lat' dir='ltr'>consisten-</span> 
     </span>
     <span class='ocr_line' id='line_1_21' title="bbox 381 3797 773 3886; baseline -0.003 -16"><span class='ocrx_word' id='word_1_106' title='bbox 381 3799 481 3886; x_wconf 83' lang='lat' dir='ltr'>tiam,</span> <span class='ocrx_word' id='word_1_107' title='bbox 503 3797 587 3869; x_wconf 90' lang='lat' dir='ltr'>dein</span> <span class='ocrx_word' id='word_1_108' title='bbox 607 3797 773 3869; x_wconf 89' lang='lat' dir='ltr'>admisce</span> 
     </span>
    </p>
   </div>
   <div class='ocr_carea' id='block_1_12' title="bbox 517 3938 1206 4187">
    <p class='ocr_par' dir='ltr' id='par_1_12' title="bbox 517 3938 1206 4187">
     <span class='ocr_line' id='line_1_22' title="bbox 517 3938 997 4041; baseline -0.008 -24"><span class='ocrx_word' id='word_1_109' title='bbox 517 3938 651 4041; x_wconf 71' lang='lat' dir='ltr'>Pulpao</span> <span class='ocrx_word' id='word_1_110' title='bbox 709 3941 815 4015; x_wconf 69' lang='lat' dir='ltr'>imnis</span> <span class='ocrx_word' id='word_1_111' title='bbox 828 3942 997 4037; x_wconf 76' lang='lat' dir='ltr'>partibus</span> 
     </span>
     <span class='ocr_line' id='line_1_23' title="bbox 519 4084 1206 4187; baseline -0.01 -22"><span class='ocrx_word' id='word_1_112' title='bbox 519 4084 687 4165; x_wconf 70' lang='lat' dir='ltr'>Snuollnrl</span> <span class='ocrx_word' id='word_1_113' title='bbox 706 4085 888 4187; x_wconf 67' lang='lat' dir='ltr'>pulverttl</span> <span class='ocrx_word' id='word_1_114' title='bbox 940 4095 1079 4182; x_wconf 74' lang='lat' dir='ltr'>purtem</span> <span class='ocrx_word' id='word_1_115' title='bbox 1101 4114 1206 4159; x_wconf 67' lang='lat' dir='ltr'>tritum</span> 
     </span>
    </p>
   </div>
   <div class='ocr_carea' id='block_1_13' title="bbox 381 4235 1577 4459">
    <p class='ocr_par' dir='ltr' id='par_1_13' title="bbox 381 4235 1577 4459">
     <span class='ocr_line' id='line_1_24' title="bbox 383 4235 1577 4329; baseline -0.001 -20"><span class='ocrx_word' id='word_1_116' title='bbox 383 4244 419 4310; x_wconf 87' lang='lat' dir='ltr'>et</span> <span class='ocrx_word' id='word_1_117' title='bbox 438 4236 705 4329; x_wconf 81' lang='lat' dir='ltr'>evaporatione</span> <span class='ocrx_word' id='word_1_118' title='bbox 730 4235 768 4306; x_wconf 92' lang='lat' dir='ltr'>in</span> <span class='ocrx_word' id='word_1_119' title='bbox 798 4235 931 4306; x_wconf 85' lang='lat' dir='ltr'>balneo</span> <span class='ocrx_word' id='word_1_120' title='bbox 962 4256 1084 4326; x_wconf 86' lang='lat' dir='ltr'>aquae</span> <span class='ocrx_word' id='word_1_121' title='bbox 1114 4235 1280 4326; x_wconf 85' lang='lat' dir='ltr'>inspissa</span> <span class='ocrx_word' id='word_1_122' title='bbox 1309 4235 1346 4306; x_wconf 91' lang='lat' dir='ltr'>in</span> <span class='ocrx_word' id='word_1_123' title='bbox 1374 4236 1577 4328; x_wconf 79' lang='lat' dir='ltr'>legitimam</span> 
     </span>
     <span class='ocr_line' id='line_1_25' title="bbox 381 4363 828 4459; baseline -0.016 -19"><span class='ocrx_word' id='word_1_124' title='bbox 381 4366 516 4459; x_wconf 87' lang='lat' dir='ltr'>pulpae</span> <span class='ocrx_word' id='word_1_125' title='bbox 537 4363 828 4436; x_wconf 85' lang='lat' dir='ltr'>consistentiam.</span> 
     </span>
    </p>
   </div>
   <div class='ocr_carea' id='block_1_14' title="bbox 490 4507 1301 4601">
    <p class='ocr_par' dir='ltr' id='par_1_14' title="bbox 490 4507 1301 4601">
     <span class='ocr_line' id='line_1_26' title="bbox 490 4507 1301 4601; baseline -0.002 -19"><span class='ocrx_word' id='word_1_126' title='bbox 490 4509 545 4582; x_wconf 87' lang='lat' dir='ltr'>Sit</span> <span class='ocrx_word' id='word_1_127' title='bbox 564 4509 691 4582; x_wconf 88' lang='lat' dir='ltr'>odoris</span> <span class='ocrx_word' id='word_1_128' title='bbox 712 4508 849 4593; x_wconf 92' lang='lat' dir='ltr'>melliti,</span> <span class='ocrx_word' id='word_1_129' title='bbox 872 4508 1019 4601; x_wconf 86' lang='lat' dir='ltr'>saporis</span> <span class='ocrx_word' id='word_1_130' title='bbox 1045 4513 1149 4600; x_wconf 83' lang='lat' dir='ltr'>grate</span> <span class='ocrx_word' id='word_1_131' title='bbox 1170 4507 1301 4580; x_wconf 83' lang='lat' dir='ltr'>dulcis</span> 
     </span>
    </p>
   </div>
   <div class='ocr_carea' id='block_1_15' title="bbox 0 0 1754 5450">
    <p class='ocr_par' dir='ltr' id='par_1_15' title="bbox 0 0 1754 5450">
     <span class='ocr_line' id='line_1_27' title="bbox 0 0 1754 5450; baseline 0 0"><span class='ocrx_word' id='word_1_132' title='bbox 0 0 1754 5450; x_wconf 95' lang='lat' dir='ltr'> </span> 
     </span>
    </p>
   </div>
  </div>
 </body>
</html>
