3500 5450
620 560 831 631 -55..

525 840 926 1020 Colophonium.

234 1095 321 1168 Pini
361 1097 519 1190 species,
552 1099 724 1193 inprimis
758 1099 874 1173 Pinus
906 1100 1052 1174 Lutario
1086 1103 1257 1178 Poiret
1292 1112 1329 1179 et

128 1219 239 1294 Pinus
269 1222 435 1296 silvana
470 1223 604 1314 Linn,
649 1226 804 1299 arbores
845 1227 1044 1320 indigenae
1087 1231 1323 1305 notissimae.

131 1348 327 1446 Coup‘erae.
349 1349 561 1426 Abiotineue.

231 1477 372 1550 Resina
393 1480 476 1552 oleo
495 1480 787 1555 Terebinthinae
817 1504 863 1555 ex
892 1489 971 1558 toto
999 1485 1165 1559 liberata.
1197 1488 1327 1562 Massa

125 1607 228 1696 dura,
249 1607 391 1699 fragilis
408 1608 650 1704 friabilisque,
666 1611 829 1685 fractura
848 1611 1110 1702 laticonclrata,
1126 1615 1325 1706 splendore

123 1736 197 1806 fere
218 1734 346 1823 vitreo,
377 1737 500 1809 colore
527 1739 639 1830 vulgo
668 1739 906 1829 flavo-fusco,
935 1740 1100 1833 limpida,
1130 1743 1326 1833 pellucido,

124 1863 320 1955 amorpha.

231 1989 274 2062 ln
305 1990 441 2062 balneo
474 2012 595 2083 aquae
626 1992 902 2086 Colophonium
934 1996 1120 2088 liquorem
1153 2003 1326 2071 tenacem

123 2117 320 2209 limpidum
349 2117 472 2206 efficit,
502 2119 565 2210 qui
595 2120 717 2212 magis
746 2122 969 2196 fervefactus
999 2146 1157 2217 vapores
1183 2126 1325 2218 ponde·

121 2266 232 2318 rosus
267 2245 384 2333 albos
420 2246 547 2320 odoris
579 2247 774 2321 balsamici
809 2248 952 2323 emittit.
993 2250 1125 2324 Calore
1170 2254 1246 2328 600
1289 2252 1327 2325 in

121 2371 287 2465 pondere
316 2374 465 2465 aequali
494 2380 531 2449 et
560 2376 714 2469 spiritus
744 2375 820 2448 vini
854 2381 891 2449 et
924 2377 1020 2449 acidi
1060 2379 1187 2452 arctici
1224 2380 1325 2454 lente

120 2500 236 2574 solvit
282 2556 290 2572 .
1116 2508 1120 2517 '

232 2644 479 2742 Emplastrum
499 2646 736 2721 adhaesioum.
756 2646 1003 2744 Emplastrum
1019 2650 1214 2748 Diochplon
1235 2674 1324 2724 com-

117 2779 289 2871 positum.
311 2772 558 2870 Emplastrum
578 2775 731 2849 Meliloti.
753 2775 997 2872 Eouplastrum
1018 2802 1244 2874 ouperoceum.

444 3095 640 3208 Cortex
667 3096 1014 3209 Casuarillue.

238 3320 366 3394 Croton
398 3320 559 3394 Elnterio
598 3323 802 3409 Bennett,
848 3323 970 3395 frutex
1005 3320 1250 3393 arborescens
1285 3323 1324 3394 iu

122 3450 258 3523 insulis
290 3448 502 3537 Antillanis,
542 3450 761 3543 praesertim
798 3449 1099 3523 Bahamensibus
1137 3470 1322 3522 crescens

123 3576 415 3673 Euphorbioceoc.

233 3705 368 3779 Cortex
397 3706 517 3779 trunci
544 3712 580 3781 et
598 3728 789 3780 ramorum
808 3706 972 3780 siccatus
997 3705 1095 3778 sistit
1114 3706 1325 3797 fragmenta

123 3834 325 3907 convoluta
345 3839 411 3906 aut
429 3833 687 3922 canaliculata,
702 3835 922 3928 plerumque
942 3832 1068 3905 minus
1094 3854 1208 3924 quam
1227 3834 1322 3906 deci·

123 3965 287 4034 metrum
296 3961 411 4051 longa
422 3963 459 4033 et
468 3959 727 4034 centimetrum
740 3961 826 4050 lata,
837 3981 958 4034 unum
968 3958 1016 4031 ad
1027 3958 1103 4031 duo
1114 3959 1325 4034 millimetra

124 4108 263 4176 crassa,
282 4086 532 4179 peridermate
551 4086 665 4177 tenui,
692 4093 801 4162 crtus
820 4088 933 4180 vulgo
962 4086 1193 4175 candicante,
1220 4087 1324 4159 rimis

123 4214 335 4288 decussatis
369 4214 525 4302 sulcato,
559 4235 673 4307 saepe
703 4214 785 4306 jam
816 4216 953 4308 partim
986 4215 1152 4306 delapso,
1191 4214 1324 4287 cortice

121 4342 214 4416 locis
235 4341 435 4416 denudatis
458 4341 595 4416 coloris
614 4362 634 4414 e
654 4342 774 4435 griseo
790 4343 848 4415 vel
864 4343 1046 4415 subviridi
1060 4341 1167 4430 fusci,
1186 4342 1326 4435 pariter

120 4470 261 4544 rimoso
273 4474 338 4543 aut
346 4469 669 4561 longitudiualiter
677 4491 828 4561 rugoso,
844 4470 1008 4543 fractura
1023 4469 1182 4561 aequali,
1198 4469 1324 4542 odoris

120 4598 321 4692 peculiaris
338 4597 539 4684 aromatici,
560 4597 708 4690 saporis
724 4597 842 4669 amari
859 4603 897 4671 et
911 4597 1114 4670 aromatici.
1130 4595 1323 4670 Accensus

121 4732 247 4800 cortex
266 4726 413 4798 fumum
432 4725 574 4817 spargit
592 4724 738 4797 Moschi
758 4725 874 4798 odore
896 4746 1057 4817 gravem.
1089 4723 1130 4795 ln
1157 4724 1325 4796 sectione

173 4864 369 4916 Pharmacopuca.
