3500 5450
690 523 929 595 —135-

533 735 745 846 Globuli
777 734 1076 843 martiales·

207 907 304 998 Rpe:
339 902 440 980 leni
459 902 640 1006 pullenti
748 910 950 1001 urorumuta
969 902 1208 999 quadrantino
1351 903 1403 974 40

343 1029 441 1108 llam
460 1030 769 1131 byrro-tartum
788 1029 972 1133 uulnerati

748 1167 949 1256 qronunotu
963 1159 1117 1230 ducenta.
1330 1156 1407 1228 uuo

317 1287 433 1361 Misce
453 1288 491 1360 in
512 1289 701 1381 sartagine
722 1289 843 1361 ferrea
863 1308 949 1360 curn

344 1413 465 1514 Aquae
758 1441 786 1486 s.
808 1440 852 1510 q,

208 1550 249 1616 ut
268 1545 334 1616 liat
352 1565 483 1616 massa
505 1543 741 1636 pultilormis.

318 1670 451 1763 Digere
472 1671 623 1763 saepius
640 1670 816 1763 agitando
838 1674 876 1741 et
896 1689 1033 1760 aquam
1054 1672 1296 1760 evaporatam
1316 1667 1404 1740 sub·

209 1799 295 1871 inde
333 1797 560 1871 restituendo
599 1798 718 1871 donec
756 1797 907 1885 ferrum,
947 1801 1129 1888 quantum
1166 1795 1244 1867 fieri
1276 1800 1408 1886 potest,

210 1925 375 1998 solutum
407 1924 517 1997 luerit
549 1931 585 1998 et
616 1948 745 1999 massa
777 1923 921 2017 pultem
952 1923 1134 2016 praebeat
1162 1923 1408 2014 aequabilem,

209 2058 390 2140 tenacem,
411 2073 430 2123 e
450 2051 857 2144 viridi-nigrescentem,
879 2072 948 2143 pro
967 2051 1134 2124 maxima
1154 2072 1224 2122 sua
1243 2056 1349 2142 parte
1370 2050 1410 2122 in

210 2202 311 2272 aqua
329 2179 470 2252 fervida
489 2179 699 2253 solubilem.

318 2308 542 2381 Formentur
563 2308 723 2397 Globuli‚
743 2305 922 2401 ponderis

860 2439 1100 2531 qrurrunotum
1119 2431 1263 2528 triqinra
1359 2433 1409 2504 30

213 2560 276 2653 qui
295 2559 370 2633 leni
389 2561 512 2635 calore
533 2562 711 2635 exsiccati
729 2563 767 2635 in
787 2583 878 2636 vase
899 2560 1029 2634 clauso
1050 2565 1257 2633 serventur.

317 2688 399 2762 Sint
421 2688 530 2781 nigri,
556 2688 733 2777 nitentes
762 2710 847 2762 oum
874 2710 996 2782 aquae
1025 2686 1213 2761 bullientis
1238 2688 1408 2780 partibus

208 2821 292 2889 outo
311 2817 536 2889 solutionem
556 2838 576 2888 e
596 2816 994 2907 viridi-nigrescentem
1018 2815 1236 2910 praebeant,
1256 2814 1409 2888 residuo

207 2942 358 3015 nonnisi
376 2965 494 3035 parvo
513 2944 652 3017 relicto.

631 3136 990 3270 Glycerinum.

317 3304 457 3397 Liquor
490 3306 620 3398 syrupi
654 3305 930 3395 consistentiae,
969 3305 1158 3399 limpidus,
1198 3306 1334 3379 eoloris
1373 3312 1409 3378 et

209 3433 335 3506 odoris
356 3454 498 3525 expers
519 3434 664 3526 saporis
679 3434 813 3522 dulcis
833 3434 1031 3507 reaotionis
1050 3434 1234 3524 neutrius
1250 3433 1288 3505 in
1309 3453 1410 3525 aqua

210 3567 247 3633 et
277 3560 409 3652 spiritu
442 3561 513 3634 viui
537 3562 669 3654 quavis
697 3561 938 3654 proportione
969 3562 1151 3650 solubilia,
1182 3560 1220 3633 iu
1258 3558 1409 3632 aethere

209 3707 286 3759 non
313 3687 479 3775 solvitur,
503 3689 681 3781 ponderis
708 3688 873 3780 speeifici
899 3689 996 3761 105.
1023 3688 1065 3760 ln
1085 3686 1225 3760 lamina
1244 3686 1410 3779 platinea

210 3813 432 3886 calefactum
452 3813 643 3905 deflagrat,
663 3814 817 3887 residuo
838 3835 914 3886 non
933 3815 1071 3887 relicto.

320 3941 463 4013 Solutio
517 3963 663 4033 aquosa
714 3961 785 4013 neo
839 3962 939 4032 aqua
986 3942 1304 4032 hydrosull'urata,
1339 3960 1409 4012 nec

211 4068 400 4141 ammonio
421 4067 617 4158 sulfurato,
636 4088 706 4141 nee
721 4068 838 4158 baryo
853 4067 997 4157 uitrico,
1018 4074 1172 4161 argento
1193 4067 1324 4140 uitrico
1345 4072 1407 4139 aut

210 4197 400 4269 ammonio
433 4196 578 4269 oxalico
612 4201 788 4269 mutetur.
828 4195 922 4270 Cum
960 4197 1082 4270 natrio
1120 4195 1408 4287 hydrooxydato

211 4326 339 4397 soluto
360 4324 595 4415 Glycerinum
616 4324 839 4397 calefactum
867 4346 938 4397 nec
958 4326 1154 4413 coloretur,
1174 4344 1242 4397 nee
1264 4345 1408 4396 ammo·

211 4452 314 4524 niam
347 4452 500 4540 emittat,
538 4474 624 4525 oum
658 4453 764 4525 auido
799 4453 977 4527 sulfurico
1016 4454 1132 4526 diluto
1166 4452 1410 4526 fervefactum

211 4578 365 4652 odorem
383 4578 581 4653 insuavem
600 4579 796 4653 rancidum
814 4600 863 4653 ne
883 4580 1029 4673 prodat.

327 4702 555 4803 Uuyuentum.
