3500 5450
886 527 1099 598 ..οο-

843 738 1135 847 Ammonia.

423 969 641 1047 Ammonia
665 992 763 1069 pura
786 967 945 1069 liquida.
969 967 1121 1070 Liquor
1147 968 1351 1045 Ammonii
1376 966 1565 1045 caustiei.

500 1164 639 1256 Liquor
670 1161 862 1254 limpidus,
889 1162 1053 1251 decolor,
1088 1162 1215 1235 odoris
1252 1161 1448 1254 peculiaris
1480 1184 1601 1254 pene-

387 1290 530 1378 trantis,
546 1290 758 1383 pungentis,
773 1289 921 1382 saporis
932 1290 1097 1382 caustioi
1113 1289 1313 1362 reaetionis
1323 1290 1597 1382 peralcalinae,

387 1418 498 1510 plane
517 1417 690 1505 volatilis,
710 1415 889 1509 ponderis
909 1416 1073 1508 speeifiei
1093 1417 1195 1488 oso.

495 1544 613 1616 Asido
635 1543 923 1635 hydroehlorico
948 1544 1101 1616 admoto
1121 1543 1279 1615 nebulas
1305 1542 1424 1632 albas
1443 1543 1594 1617 densas

389 1674 574 1745 efformat.
622 1671 764 1763 Liquor
798 1671 978 1743 ammonii
1017 1692 1086 1743 nee
1126 1692 1227 1763 aqua
1269 1670 1596 1762 hydrosulfirrata‚

391 1800 449 1872 vel
478 1799 585 1871 acido
612 1799 753 1871 aeetico
779 1803 1097 1890 supersaturatus
1127 1820 1252 1891 neque
1279 1798 1470 1871 ammonio
1501 1820 1596 1871 oxa·

390 1927 461 1998 lioo
478 1932 525 2015 et,
541 1927 572 1998 si
588 1926 737 1999 acidum
753 1926 927 1998 uitricum
943 1925 1135 2016 adjeceris
1156 1947 1226 1999 nec
1245 1927 1363 2018 baryo
1380 1926 1513 1999 uitrico
1531 1926 1596 1999 vei

390 2059 545 2144 argento
566 2053 697 2127 uitrico
719 2054 899 2127 turbetur.
921 2054 1016 2126 Cum
1036 2054 1143 2125 acido
1163 2053 1297 2126 uitrico
1318 2054 1466 2126 abunde
1487 2059 1596 2126 satu·

390 2185 493 2253 ratus
514 2185 550 2252 et
569 2181 812 2273 evaporando
831 2182 880 2253 ad
900 2181 1040 2253 siceum
1060 2180 1244 2269 redactus,
1264 2180 1457 2253 residuum
1476 2181 1593 2254 relin-

391 2313 482 2400 quat
497 2307 630 2380 coloris
652 2328 794 2399 expers,
817 2309 921 2402 quod
941 2308 1071 2380 fortius
1086 2308 1306 2381 calefactum
1320 2308 1432 2400 plane
1454 2308 1594 2380 avolet.

498 2434 695 2508 Contineat
733 2434 771 2507 in
801 2441 955 2507 centum
988 2436 1158 2528 partibus
1188 2440 1316 2528 partes
1353 2436 1402 2509 10
1442 2456 1591 2507 ammo-

389 2562 484 2652 niae,
511 2566 740 2655 quapropter
774 2563 992 2643 centimetra
1019 2565 1149 2636 cubica
1175 2564 1340 2657 quinque
1367 2564 1407 2653 (5
1428 2563 1514 2652 CC),
1541 2563 1595 2635 ad

390 2695 541 2763 eentum
580 2690 801 2763 centimetra
844 2690 975 2763 cubica
1013 2669 1130 2764 diluta
1156 2691 1251 2783 (100
1282 2690 1367 2781 CC),
1403 2691 1596 2785 liquorem

388 2818 607 2909 praebeant,
622 2817 732 2909 eujus
750 2819 969 2891 centimetra
989 2819 1120 2892 cubica
1139 2819 1269 2892 decern
1290 2820 1358 2910 (10
1370 2819 1443 2910 CC)
1460 2819 1597 2910 viginti

392 2950 476 3016 octo
497 2946 713 3018 centimetra
733 2945 863 3018 eubiea
884 2952 920 3018 et
940 2946 1036 3017 duas
1056 2946 1219 3018 decimas
1238 2952 1365 3038 partes
1386 2946 1491 3037 (usu
1514 2946 1596 3038 CC)

392 3072 586 3145 solutionis
621 3071 904 3146 alealimetn‘eae
926 3079 1164 3162 consumunt,
1194 3078 1236 3146 ut
1260 3080 1391 3146 neutra
1417 3074 1597 3147 evadant.

499 3198 740 3271 Liuimentum
766 3203 1026 3272 artemouiutum.
1055 3199 1289 3271 Liuimeutum
1313 3208 1598 3295 suponuto-cum-

389 3328 587 3428 puerulum.
611 3327 746 3421 Liquet·
765 3327 974 3399 simruouine
994 3327 1161 3398 unisonus.

778 3649 1192 3759 Ammoniaeurn.

660 3860 978 3941 (tonum-resina
1004 3862 1325 3941 Ammoniaounr.

501 4055 655 4126 Doremu
666 4057 931 4127 Anemoniuouue
943 4057 1046 4143 Dori,
1062 4057 1193 4149 planta
1207 4057 1394 4149 perennis,
1409 4058 1447 4130 in
1459 4057 1597 4130 Persia

392 4189 430 4256 et
454 4185 493 4255 in
519 4183 677 4255 desertis
703 4184 799 4256 eirea
831 4185 954 4256 laeum
984 4184 1074 4256 Arai
1108 4204 1293 4257 crescens.
1339 4182 1591 4277 t'mteiiiserue.

501 4309 644 4382 Sueeus
679 4310 1040 4400 gummi-resinosus
1072 4332 1090 4383 e
1122 4310 1227 4383 caule
1255 4314 1391 4402 sponte
1421 4310 1593 4400 effluens,

395 4446 481 4510 ae're
501 4437 710 4525 induratus,
734 4438 908 4529 provenit
933 4437 969 4508 in
991 4438 1117 4529 granis
1144 4437 1325 4510 distinctis
1346 4443 1410 4509 aut
1430 4436 1524 4509 inter
1549 4461 1593 4511 se

395 4562 674 4654 conglutinatis
708 4565 961 4657 subglobosiS‚
991 4564 1247 4654 magnitudine
1280 4565 1352 4656 pisi
1386 4586 1508 4657 usque
1542 4567 1591 4638 ad

392 4691 500 4764 nucis
517 4689 709 4783 juglandis
728 4694 881 4781 molem,
908 4696 1016 4764 extus
1045 4691 1178 4763 eoloris
1205 4690 1592 4765 alnido-flavescentis
