3500 5450
875 513 1118 586 -150-

507 727 689 802 Solutioni
707 729 866 803 tiltratae
894 730 1041 824 tepidae
1071 728 1272 802 inducatur
1297 751 1365 819 gas
1394 729 1490 801 acidi
1524 730 1595 803 sul·

398 857 525 945 furosi,
560 856 660 949 quod
694 857 732 929 in
770 862 956 951 apparatu
990 856 1110 946 simili,
1146 858 1268 949 qualis
1302 856 1349 929 ad
1389 855 1595 948 parandam

399 1005 537 1076 aquarn
557 983 674 1056 chlori
694 984 906 1078 descriptus
927 990 1049 1058 estex

534 1126 635 1204 laidi
656 1125 825 1205 snliorlcl
846 1127 1033 1231 inglioani
1053 1152 1079 1199 a
1100 1152 1131 1224 q.

401 1276 652 1350 calefaciendo
672 1298 758 1350 cum

537 1415 757 1496 uarro-uns
780 1419 924 1498 rnrlltcr
943 1421 1034 1497 tusis

399 1566 552 1653 elicitur,
573 1566 692 1638 donec
718 1567 858 1641 reactio
893 1571 1019 1640 cessat
1045 1570 1082 1637 et
1114 1564 1235 1657 liquor
1270 1564 1376 1637 acido
1409 1565 1596 1640 culturoso

401 1697 594 1765 saturatus
614 1700 684 1765 est.
707 1694 871 1768 Miscella
890 1697 961 1767 stet
975 1714 1066 1766 vase
1082 1696 1179 1765 tecto
1195 1694 1233 1765 in
1247 1693 1329 1765 loco
1345 1694 1394 1765 ad
1412 1695 1432 1765 7
1438 1694 1592 1765 0-800

402 1818 596 1892 calefacto.
618 1820 729 1894 Horis
751 1822 893 1914 aliquot
907 1820 1059 1913 elapsis
1079 1821 1336 1913 praecipaturn
1350 1819 1448 1892 filtro
1469 1820 1594 1894 collec-

398 1951 479 2018 tum
500 1968 599 2038 aqua
619 1947 807 2022 destillata
825 1948 964 2040 optime
986 1947 1066 2021 elue
1086 1953 1122 2021 et
1142 1948 1225 2022 loco
1245 1950 1406 2022 obscuro
1427 1949 1536 2021 sicca.

508 2073 636 2147 Pulvis
648 2075 896 2166 crystallinus,
908 2075 1186 2165 subtilissimus,
1197 2075 1332 2149 coloris
1348 2076 1432 2163 albi,
1443 2077 1594 2148 reactio-

399 2201 458 2273 nis
486 2203 665 2289 neutrius
699 2202 883 2275 solutione
919 2203 1027 2275 natrii
1054 2201 1324 2295 hydrooxydati
1347 2203 1532 2294 nigrescit,
1561 2204 1596 2273 in

400 2327 491 2400 tubo
510 2329 729 2420 probatorio
748 2330 885 2421 ignitus
905 2352 950 2402 ex
970 2331 1112 2422 integro
1133 2331 1317 2418 sublimat,
1339 2352 1500 2424 vapores
1513 2332 1595 2403 ruti-

398 2454 642 2530 mmm&

511 2581 604 2655 Cum
624 2606 725 2677 aqua
750 2585 937 2658 destillata
966 2590 1169 2677 quassatus
1198 2585 1382 2677 liquorem
1410 2585 1593 2678 praebeat,

401 2710 464 2802 qui
502 2732 572 2783 nec
616 2734 716 2805 aqua
749 2711 1063 2805 hydrosulfurata,
1088 2734 1157 2786 nec
1191 2713 1307 2806 baryo
1348 2720 1413 2787 aut
1446 2717 1593 2803 argento

399 2837 531 2909 uitrico
550 2844 726 2913 mutetur.

512 2966 688 3039 Servetur
707 2987 799 3039 vase
819 2966 892 3039 luci
912 2966 1102 3059 impervia

399 3402 1077 3538 Hydrarmmom
1129 3403 1596 3512 amaracum

903 3583 1108 3694 mite

671 3776 1043 3860 architectatione
1055 3783 1330 3882 puratum.

909 3973 1098 4055 Calomel.

508 4168 636 4240 Massa
651 4169 878 4260 crystallina,
896 4170 1159 4243 sublimatione
1175 4172 1338 4257 ebtenta,
1355 4170 1394 4243 in
1406 4170 1594 4263 pulverem

245 4328 247 4331 ·
399 4295 684 4368 subtilissimum
716 4296 881 4381 redacta,
922 4298 1060 4390 optime
1100 4319 1197 4389 aqua
1242 4296 1430 4370 destillata
1458 4295 1595 4369 fervida

398 4421 552 4509 eluatur,
574 4423 658 4495 dein
680 4423 762 4495 loeo
783 4424 945 4497 obscuro
967 4423 1137 4497 siccetur.

507 4550 634 4624 Pulvis
655 4550 938 4639 subtilissimus
959 4553 1093 4626 ssavide
1120 4552 1242 4640 albus,
1269 4552 1306 4624 iu
1327 4573 1438 4643 aqua,
1468 4549 1595 4642 spiritu

400 4676 471 4747 viui
492 4682 528 4748 et
553 4678 703 4750 aethere
723 4679 874 4770 penitus
895 4679 1115 4765 insolubilis,
1136 4679 1274 4770 ignitus
1295 4679 1480 4761 sublimat,
1511 4678 1594 4770 quiu
