3500 5450
660 578 904 652 ..Xsss-

183 797 444 884 commercio
470 803 683 893 occurant,
715 798 816 882 hinc
854 796 1062 912 plurimae
1092 797 1257 883 facilius
1281 798 1378 905 emi,

183 989 312 1076 quam
337 970 379 1047 et
408 959 578 1076 quidem
620 962 788 1046 nonnisi
828 958 1064 1074 majoribus
1103 961 1308 1076 impensis
1340 972 1380 1047 et

182 1126 336 1211 minori
360 1123 564 1241 qualitate
589 1125 629 1211 in
655 1123 835 1210 officinis
860 1124 1219 1240 pharmaceuticis
1242 1125 1378 1239 parari

182 1297 370 1405 possunt,
394 1286 605 1374 formulae
624 1286 679 1374 ad
696 1286 887 1403 paranda
907 1295 1161 1403 praeparata
1183 1288 1380 1373 chemica

181 1453 350 1538 nonnisi
372 1479 612 1568 perpaucae
633 1450 987 1567 praescribendae
1012 1461 1139 1538 erant

290 1618 356 1703 Eo
382 1618 524 1730 magis
548 1615 793 1703 consultum
815 1613 1041 1703 videbatur
1060 1619 1205 1703 omnia
1221 1616 1380 1703 indicia

182 1789 221 1866 et
261 1780 440 1891 criteria,
488 1779 644 1897 quibus
684 1780 873 1894 cujusvis
919 1782 1158 1898 praeparati
1211 1780 1378 1895 insigne

184 1947 399 2061 proprium
423 1953 466 2032 et
486 1944 701 2060 peculiare
725 1943 1001 2059 dignoscitur,
1026 1972 1257 2032 recensere.
1282 1946 1379 2031 Hac

125 2168 129 2182 ·
182 2107 234 2195 de
259 2137 391 2197 causa
410 2111 456 2195 in
479 2108 762 2225 descriptione
780 2110 969 2224 cujusvis
986 2111 1237 2225 praeparati,
1263 2107 1378 2225 quod

181 2282 270 2360 arte
299 2274 498 2360 chemica
519 2274 726 2389 provenit,
768 2302 820 2361 eo
848 2273 996 2360 ordine
1022 2272 1295 2389 progreditur,
1334 2281 1380 2359 nt

182 2437 319 2552 primo
351 2436 442 2551 ejus
473 2438 741 2525 characteres
773 2437 1184 2553 physiognomonici
1215 2447 1257 2524 et
1279 2466 1377 2553 pro·

181 2602 378 2715 prietates
406 2602 626 2718 physicae,
655 2600 810 2717 quibus
837 2602 1075 2717 insignitur,
1100 2608 1377 2716 exponantur,

183 2774 274 2851 tum
292 2768 530 2854 reactiones
549 2766 783 2877 chemicae,
802 2764 957 2882 quibus
973 2765 1186 2875 identitas,
1196 2764 1378 2881 qualitas

181 2957 233 3016 ac
255 2933 467 3046 quantitas
491 2957 572 3017 neo
599 2958 687 3018 non
714 2930 960 3047 incorrupta
995 2929 1216 3044 integritas
1255 2957 1378 3045 prae-

182 3094 317 3210 parati
340 3093 606 3208 dijudicatur,
624 3145 630 3156 ·
648 3093 832 3210 denique
861 3098 925 3181 sic
964 3093 1102 3181 dictae
1141 3095 1378 3180 reactiones

182 3257 407 3372 specificae
436 3256 787 3374 praescribantur,
828 3256 984 3374 quibus
1023 3256 1197 3345 definita
1233 3257 1378 3374 aliqua

182 3420 419 3509 substantia
441 3422 586 3536 detegi
609 3434 650 3509 et
689 3420 959 3508 determinari
997 3429 1149 3537 potest,
1182 3449 1268 3537 qua
1293 3451 1378 3508 non

181 3612 275 3670 raro
320 3594 618 3702 praeparatum
655 3586 922 3703 inquinatum
964 3586 1055 3672 sive
1094 3584 1376 3672 adulteratum

181 3749 224 3834 in
246 3752 507 3836 commercio
531 3751 723 3836 occurrit.

291 3916 445 4029 Aequa
478 3913 747 4001 solicitudine
780 3913 1118 4001 medicaminum
1151 3942 1205 4000 ex
1243 3941 1377 4027 regno

184 4076 417 4190 vegetabili
473 4086 515 4164 et
568 4078 741 4164 animali
795 4078 1146 4194 deprompturum
1202 4077 1380 4190 physio-

182 4242 364 4355 graphia
396 4252 439 4327 et
470 4255 598 4329 notae
621 4244 1078 4357 pharmacognosticae
1112 4251 1377 4357 exponuntur

182 4414 311 4520 atque
335 4406 560 4520 qualitates
584 4405 927 4515 determinantur,
953 4403 1107 4521 quibus
1129 4408 1171 4491 in
1197 4403 1377 4492 officinis

181 4579 349 4686 praesto
374 4598 467 4656 esse
491 4568 656 4657 debent.
