3500 5450
500 972 828 1082 Succbarurn
847 972 1042 1080 baetis,

282 1252 509 1325 Saccbarurn
544 1253 678 1338 Laetis
721 1272 855 1324 eseru
884 1250 990 1322 lactis
1020 1248 1159 1320 vaccini
1188 1253 1370 1338 paratum,

172 1386 317 1475 prostat
344 1382 382 1452 in
405 1379 543 1452 tabulis
573 1383 638 1451 aut
666 1377 800 1451 crustis
829 1376 1062 1467 crystallinis,
1088 1375 1309 1467 plerumque
1333 1374 1370 1445 in

173 1508 316 1580 baculis
333 1506 551 1598 cylindricis,
563 1506 666 1598 apice
682 1504 831 1594 conicis
842 1503 892 1576 ad
906 1525 972 1576 sex
989 1501 1206 1575 centimetra
1221 1503 1371 1591 crassis,

172 1635 283 1725 duris
305 1656 325 1706 e
346 1634 531 1725 crystallis
552 1632 768 1725 compositis
789 1630 943 1723 grossis,
962 1630 1197 1723 prisrnaticis
1228 1629 1370 1719 albidis,

171 1760 450 1855 subpellucidis‚
489 1759 667 1847 inodoris‚
701 1758 848 1851 saporis
884 1758 1083 1845 subdulcis,
1112 1757 1207 1829 inter
1237 1758 1369 1829 dentes

171 1887 425 1977 stridentibus
464 1886 635 1959 radiatim
673 1886 883 1979 aggregatis
922 1888 959 1957 et
988 1883 1139 1973 coalitis
1177 1884 1370 1975 pulverem

169 2014 437 2108 praebentibus
457 2014 593 2104 album,
633 2015 695 2106 qui
724 2014 881 2086 solvitur
909 2012 1007 2084 lente
1036 2011 1075 2082 in
1103 2032 1202 2103 aqua
1230 2010 1368 2102 frigida,

172 2142 343 2214 facillime
363 2142 401 2213 in
421 2163 521 2233 aqua
539 2141 691 2214 fervida.

278 2268 507 2341 Saccbarum
521 2268 643 2341 Laetis
664 2266 789 2339 odoris
808 2266 951 2339 rancidi
970 2271 1007 2339 et
1026 2265 1161 2338 coloris
1180 2265 1265 2337 flavi
1284 2265 1367 2357 reji-

170 2397 298 2469 ciatur.

488 2847 1050 2963 sauromatum.

281 3107 456 3200 Crystalli
475 3106 767 3180 tabulaeformes
788 3106 847 3179 rel
866 3107 1037 3179 lamellae
1048 3129 1285 3200 squanrosac‚
1307 3107 1368 3178 de-

170 3236 327 3326 colores,
342 3233 488 3326 saporis
502 3234 629 3322 amari,
640 3234 731 3307 lucis
743 3235 886 3306 influxu
897 3235 1154 3323 flavescentes
1171 3235 1369 3306 calefactae

169 3360 381 3453 liquescunt
415 3361 501 3452 (sub
521 3366 772 3453 temperatura
798 3361 915 3451 1700)
937 3366 974 3433 ct
992 3367 1071 3434 turn
1101 3361 1234 3453 partirn
1255 3360 1367 3432 subli-

168 3492 282 3576 mant,
299 3488 433 3579 partim
454 3488 787 3580 decomponuntur.

279 3613 526 3687 Santoninurn
546 3616 583 3687 in
603 3637 703 3708 aqua
721 3616 853 3709 frigida
880 3616 1031 3688 nonnisi
1055 3637 1198 3706 parurn,
1228 3616 1370 3688 fervida

170 3740 315 3813 difficile
337 3741 502 3814 solvitur.
524 3742 680 3833 Spiritus
691 3744 766 3816 vini
785 3743 905 3834 frigidi
923 3748 1051 3833 partes
1064 3743 1124 3830 43,
1135 3741 1322 3815 bullientis
1336 3743 1367 3831 3,

170 3867 331 3940 aetheris
342 3872 469 3960 partes
483 3869 542 3958 la,
557 3868 805 3942 chlorofurnrii
825 3875 955 3962 partes
971 3871 1007 3959 4,
1024 3870 1212 3942 santonini
1224 3874 1367 3961 partern

169 4014 283 4066 unam
304 3995 466 4068 solvunt.

278 4121 420 4195 Solutio
441 4124 651 4214 spirituusa‚
674 4124 799 4196 addito
814 4124 912 4196 kailo
927 4124 1211 4215 hydrouxydatu
1232 4125 1367 4212 solutu,

169 4249 292 4321 colore
314 4251 485 4322 coccineo
524 4251 666 4323 sensim
694 4257 911 4325 transeunte
950 4252 1111 4343 tingitur.
1143 4251 1236 4324 Cunr
1272 4251 1367 4324 alca-

169 4375 267 4449 libus
288 4383 324 4448 et
343 4378 501 4450 calcaria
518 4379 764 4450 Santoninunr
783 4378 1067 4469 conjunctiones
1087 4380 1123 4450 in
1143 4402 1243 4472 aqua
1263 4380 1367 4451 facile

169 4501 347 4575 solubiles
366 4503 443 4575 init.

278 4627 525 4705 Santoninunr
555 4632 591 4703 in
621 4639 769 4705 centurn
798 4633 968 4724 partibus
998 4655 1118 4724 aquae
1138 4638 1175 4706 et
1204 4635 1366 4725 quinque

169 4756 336 4849 partibus
357 4757 451 4830 acidi
485 4759 649 4831 sulfurici
692 4758 796 4831 diluti
839 4765 985 4831 cuctunl
1029 4765 1064 4831 et
1108 4760 1365 4852 refrigeratum
