<?xml version="1.0" encoding="UTF-8"?>
<!DOCTYPE html PUBLIC "-//W3C//DTD XHTML 1.0 Transitional//EN"
    "http://www.w3.org/TR/xhtml1/DTD/xhtml1-transitional.dtd">
<html xmlns="http://www.w3.org/1999/xhtml" xml:lang="en" lang="en">
 <head>
  <title>
</title>
<meta http-equiv="Content-Type" content="text/html;charset=utf-8" />
  <meta name='ocr-system' content='tesseract 3.04.00' />
  <meta name='ocr-capabilities' content='ocr_page ocr_carea ocr_par ocr_line ocrx_word'/>
</head>
<body>
  <div class='ocr_page' id='page_1' title='image "./pharmacopoeaaus02unkngoog_0037.png"; bbox 0 0 3500 5450; ppageno 0'>
   <div class='ocr_carea' id='block_1_1' title="bbox 682 539 895 612">
    <p class='ocr_par' dir='ltr' id='par_1_1' title="bbox 682 539 895 612">
     <span class='ocr_line' id='line_1_1' title="bbox 682 539 895 612; baseline 0 -21"><span class='ocrx_word' id='word_1_1' title='bbox 682 539 895 612; x_wconf 70' lang='lat'><strong>„13-</strong></span> 
     </span>
    </p>
   </div>
   <div class='ocr_carea' id='block_1_2' title="bbox 186 755 1388 1996">
    <p class='ocr_par' dir='ltr' id='par_1_2' title="bbox 186 755 1388 977">
     <span class='ocr_line' id='line_1_2' title="bbox 186 755 1388 848; baseline -0.003 -17"><span class='ocrx_word' id='word_1_2' title='bbox 186 762 224 831; x_wconf 91' lang='lat' dir='ltr'>et</span> <span class='ocrx_word' id='word_1_3' title='bbox 252 758 401 830; x_wconf 79' lang='lat' dir='ltr'>aethere</span> <span class='ocrx_word' id='word_1_4' title='bbox 434 757 607 831; x_wconf 79' lang='lat' dir='ltr'>facillime</span> <span class='ocrx_word' id='word_1_5' title='bbox 638 756 829 846; x_wconf 88' lang='lat' dir='ltr'>solubilis,</span> <span class='ocrx_word' id='word_1_6' title='bbox 865 777 986 848; x_wconf 89' lang='lat' dir='ltr'>aquae</span> <span class='ocrx_word' id='word_1_7' title='bbox 1015 755 1221 848; x_wconf 80' lang='lat' dir='ltr'>vaporibus</span> <span class='ocrx_word' id='word_1_8' title='bbox 1252 755 1388 844; x_wconf 85' lang='lat' dir='ltr'>avolat,</span> 
     </span>
     <span class='ocr_line' id='line_1_3' title="bbox 187 885 796 977; baseline 0 -20"><span class='ocrx_word' id='word_1_9' title='bbox 187 886 309 958; x_wconf 88' lang='lat' dir='ltr'>calore</span> <span class='ocrx_word' id='word_1_10' title='bbox 330 885 472 959; x_wconf 85' lang='lat' dir='ltr'>circiter</span> <span class='ocrx_word' id='word_1_11' title='bbox 495 886 594 958; x_wconf 78' lang='grc' dir='ltr'>100ο</span> <span class='ocrx_word' id='word_1_12' title='bbox 617 886 796 977; x_wconf 83' lang='lat' dir='ltr'>liquescit.</span> 
     </span>
    </p>

    <p class='ocr_par' dir='ltr' id='par_1_3' title="bbox 187 1010 1386 1340">
     <span class='ocr_line' id='line_1_4' title="bbox 295 1010 1385 1105; baseline -0.004 -20"><span class='ocrx_word' id='word_1_13' title='bbox 295 1012 389 1086; x_wconf 91' lang='lat' dir='ltr'>Cum</span> <span class='ocrx_word' id='word_1_14' title='bbox 410 1013 525 1085; x_wconf 89' lang='lat' dir='ltr'>caleio</span> <span class='ocrx_word' id='word_1_15' title='bbox 545 1014 707 1105; x_wconf 82' lang='lat' dir='ltr'>oxydato</span> <span class='ocrx_word' id='word_1_16' title='bbox 725 1014 945 1086; x_wconf 86' lang='lat' dir='ltr'>calefactum</span> <span class='ocrx_word' id='word_1_17' title='bbox 961 1034 1121 1104; x_wconf 82' lang='lat' dir='ltr'>vapores</span> <span class='ocrx_word' id='word_1_18' title='bbox 1137 1010 1270 1084; x_wconf 90' lang='lat' dir='ltr'>emittit</span> <span class='ocrx_word' id='word_1_19' title='bbox 1290 1011 1385 1083; x_wconf 82' lang='lat' dir='ltr'>acidi</span> 
     </span>
     <span class='ocr_line' id='line_1_5' title="bbox 187 1138 1386 1232; baseline -0.003 -20"><span class='ocrx_word' id='word_1_20' title='bbox 187 1140 368 1212; x_wconf 89' lang='lat' dir='ltr'>carboliei.</span> <span class='ocrx_word' id='word_1_21' title='bbox 397 1140 439 1211; x_wconf 89' lang='lat' dir='ltr'>ln</span> <span class='ocrx_word' id='word_1_22' title='bbox 469 1161 570 1232; x_wconf 90' lang='lat' dir='ltr'>aqua</span> <span class='ocrx_word' id='word_1_23' title='bbox 599 1140 775 1229; x_wconf 88' lang='lat' dir='ltr'>solutum,</span> <span class='ocrx_word' id='word_1_24' title='bbox 805 1140 902 1212; x_wconf 87' lang='lat' dir='ltr'>ferro</span> <span class='ocrx_word' id='word_1_25' title='bbox 931 1139 1226 1231; x_wconf 88' lang='lat' dir='ltr'>sesquichlorato</span> <span class='ocrx_word' id='word_1_26' title='bbox 1247 1138 1386 1225; x_wconf 90' lang='lat' dir='ltr'>addito,</span> 
     </span>
     <span class='ocr_line' id='line_1_6' title="bbox 187 1267 921 1340; baseline -0.001 -1"><span class='ocrx_word' id='word_1_27' title='bbox 187 1267 351 1340; x_wconf 90' lang='lat' dir='ltr'>colorem</span> <span class='ocrx_word' id='word_1_28' title='bbox 370 1267 490 1339; x_wconf 92' lang='lat' dir='ltr'>induit</span> <span class='ocrx_word' id='word_1_29' title='bbox 504 1289 550 1339; x_wconf 82' lang='lat' dir='ltr'>ex</span> <span class='ocrx_word' id='word_1_30' title='bbox 568 1267 735 1340; x_wconf 87' lang='lat' dir='ltr'>violaceo</span> <span class='ocrx_word' id='word_1_31' title='bbox 755 1267 921 1339; x_wconf 88' lang='lat' dir='ltr'>rubrum.</span> 
     </span>
    </p>

    <p class='ocr_par' dir='ltr' id='par_1_4' title="bbox 186 1392 1385 1996">
     <span class='ocr_line' id='line_1_7' title="bbox 295 1392 1385 1487; baseline 0.001 -22"><span class='ocrx_word' id='word_1_32' title='bbox 295 1393 337 1465; x_wconf 92' lang='lat' dir='ltr'>In</span> <span class='ocrx_word' id='word_1_33' title='bbox 371 1394 500 1466; x_wconf 90' lang='lat' dir='ltr'>decem</span> <span class='ocrx_word' id='word_1_34' title='bbox 531 1394 702 1486; x_wconf 90' lang='lat' dir='ltr'>partibus</span> <span class='ocrx_word' id='word_1_35' title='bbox 731 1393 883 1487; x_wconf 88' lang='lat' dir='ltr'>spiritus</span> <span class='ocrx_word' id='word_1_36' title='bbox 919 1393 995 1465; x_wconf 90' lang='lat' dir='ltr'>vini</span> <span class='ocrx_word' id='word_1_37' title='bbox 1028 1392 1196 1466; x_wconf 89' lang='lat' dir='ltr'>solutum</span> <span class='ocrx_word' id='word_1_38' title='bbox 1230 1399 1385 1485; x_wconf 83' lang='lat' dir='ltr'>argento</span> 
     </span>
     <span class='ocr_line' id='line_1_8' title="bbox 186 1521 1385 1613; baseline 0 -19"><span class='ocrx_word' id='word_1_39' title='bbox 186 1522 327 1609; x_wconf 85' lang='lat' dir='ltr'>uitrico,</span> <span class='ocrx_word' id='word_1_40' title='bbox 363 1522 476 1613; x_wconf 82' lang='lat' dir='ltr'>guttis</span> <span class='ocrx_word' id='word_1_41' title='bbox 498 1522 640 1613; x_wconf 84' lang='lat' dir='ltr'>aliquot</span> <span class='ocrx_word' id='word_1_42' title='bbox 659 1522 753 1594; x_wconf 86' lang='lat' dir='ltr'>acidi</span> <span class='ocrx_word' id='word_1_43' title='bbox 773 1521 893 1593; x_wconf 89' lang='lat' dir='ltr'>uitrici</span> <span class='ocrx_word' id='word_1_44' title='bbox 923 1521 1109 1608; x_wconf 81' lang='lat' dir='ltr'>admixtis,</span> <span class='ocrx_word' id='word_1_45' title='bbox 1138 1543 1185 1593; x_wconf 92' lang='lat' dir='ltr'>ne</span> <span class='ocrx_word' id='word_1_46' title='bbox 1211 1526 1385 1594; x_wconf 85' lang='lat' dir='ltr'>mutetur.</span> 
     </span>
     <span class='ocr_line' id='line_1_9' title="bbox 188 1647 1384 1740; baseline -0.001 -19"><span class='ocrx_word' id='word_1_47' title='bbox 188 1648 282 1721; x_wconf 87' lang='lat' dir='ltr'>Cum</span> <span class='ocrx_word' id='word_1_48' title='bbox 298 1648 471 1740; x_wconf 85' lang='lat' dir='ltr'>sextuplo</span> <span class='ocrx_word' id='word_1_49' title='bbox 485 1648 651 1740; x_wconf 90' lang='lat' dir='ltr'>pondere</span> <span class='ocrx_word' id='word_1_50' title='bbox 672 1649 766 1721; x_wconf 89' lang='lat' dir='ltr'>acidi</span> <span class='ocrx_word' id='word_1_51' title='bbox 782 1647 949 1721; x_wconf 84' lang='lat' dir='ltr'>suliurici</span> <span class='ocrx_word' id='word_1_52' title='bbox 969 1648 1196 1720; x_wconf 86' lang='lat' dir='ltr'>concentrati</span> <span class='ocrx_word' id='word_1_53' title='bbox 1217 1648 1384 1738; x_wconf 87' lang='lat' dir='ltr'>mixtum,</span> 
     </span>
     <span class='ocr_line' id='line_1_10' title="bbox 187 1775 1385 1867; baseline 0 -20"><span class='ocrx_word' id='word_1_54' title='bbox 187 1777 349 1849; x_wconf 86' lang='lat' dir='ltr'>colorem</span> <span class='ocrx_word' id='word_1_55' title='bbox 370 1775 523 1848; x_wconf 90' lang='lat' dir='ltr'>omnino</span> <span class='ocrx_word' id='word_1_56' title='bbox 537 1796 616 1847; x_wconf 89' lang='lat' dir='ltr'>non</span> <span class='ocrx_word' id='word_1_57' title='bbox 631 1776 768 1848; x_wconf 89' lang='lat' dir='ltr'>trahat.</span> <span class='ocrx_word' id='word_1_58' title='bbox 781 1776 923 1848; x_wconf 89' lang='lat' dir='ltr'>Solutio</span> <span class='ocrx_word' id='word_1_59' title='bbox 943 1775 1228 1867; x_wconf 88' lang='lat' dir='ltr'>spirituosasua</span> <span class='ocrx_word' id='word_1_60' title='bbox 1248 1781 1385 1867; x_wconf 87' lang='lat' dir='ltr'>sponte</span> 
     </span>
     <span class='ocr_line' id='line_1_11' title="bbox 187 1902 1330 1996; baseline -0.004 -18"><span class='ocrx_word' id='word_1_61' title='bbox 187 1904 235 1979; x_wconf 90' lang='lat' dir='ltr'>ad</span> <span class='ocrx_word' id='word_1_62' title='bbox 250 1905 392 1976; x_wconf 87' lang='lat' dir='ltr'>siccum</span> <span class='ocrx_word' id='word_1_63' title='bbox 408 1910 625 1995; x_wconf 86' lang='lat' dir='ltr'>evaporata,</span> <span class='ocrx_word' id='word_1_64' title='bbox 645 1904 837 1977; x_wconf 86' lang='lat' dir='ltr'>residuum</span> <span class='ocrx_word' id='word_1_65' title='bbox 857 1905 968 1996; x_wconf 87' lang='lat' dir='ltr'>plane</span> <span class='ocrx_word' id='word_1_66' title='bbox 990 1902 1117 1975; x_wconf 90' lang='lat' dir='ltr'>album</span> <span class='ocrx_word' id='word_1_67' title='bbox 1135 1903 1330 1995; x_wconf 87' lang='lat' dir='ltr'>relinquat.</span> 
     </span>
    </p>
   </div>
   <div class='ocr_carea' id='block_1_3' title="bbox 278 2316 1302 2427">
    <p class='ocr_par' dir='ltr' id='par_1_5' title="bbox 278 2316 1302 2427">
     <span class='ocr_line' id='line_1_12' title="bbox 278 2316 1302 2427; baseline -0.001 -2"><span class='ocrx_word' id='word_1_68' title='bbox 278 2317 495 2427; x_wconf 78' lang='lat' dir='ltr'>doidum</span> <span class='ocrx_word' id='word_1_69' title='bbox 524 2316 851 2426; x_wconf 86' lang='lat' dir='ltr'>sullurieum</span> <span class='ocrx_word' id='word_1_70' title='bbox 878 2321 1302 2425; x_wconf 84' lang='lat' dir='ltr'>concontratum.</span> 
     </span>
    </p>
   </div>
   <div class='ocr_carea' id='block_1_4' title="bbox 185 2538 1387 4800">
    <p class='ocr_par' dir='ltr' id='par_1_6' title="bbox 185 2538 1386 3012">
     <span class='ocr_line' id='line_1_13' title="bbox 293 2538 1384 2632; baseline -0.001 -19"><span class='ocrx_word' id='word_1_71' title='bbox 293 2540 433 2632; x_wconf 88' lang='lat' dir='ltr'>Liquor</span> <span class='ocrx_word' id='word_1_72' title='bbox 453 2540 621 2627; x_wconf 87' lang='lat' dir='ltr'>decolor,</span> <span class='ocrx_word' id='word_1_73' title='bbox 656 2539 781 2612; x_wconf 91' lang='lat' dir='ltr'>odoris</span> <span class='ocrx_word' id='word_1_74' title='bbox 802 2561 953 2631; x_wconf 76' lang='lat' dir='ltr'>exposa,</span> <span class='ocrx_word' id='word_1_75' title='bbox 987 2541 1070 2611; x_wconf 91' lang='lat' dir='ltr'>oleo</span> <span class='ocrx_word' id='word_1_76' title='bbox 1090 2538 1232 2626; x_wconf 77' lang='lat' dir='ltr'>similia,</span> <span class='ocrx_word' id='word_1_77' title='bbox 1263 2540 1384 2612; x_wconf 86' lang='lat' dir='ltr'>calore</span> 
     </span>
     <span class='ocr_line' id='line_1_14' title="bbox 185 2666 1386 2762; baseline -0.001 -23"><span class='ocrx_word' id='word_1_78' title='bbox 185 2667 361 2757; x_wconf 65' lang='lat' dir='ltr'>volatilis</span> <span class='ocrx_word' id='word_1_79' title='bbox 395 2667 574 2762; x_wconf 82' lang='lat' dir='ltr'>ponderis</span> <span class='ocrx_word' id='word_1_80' title='bbox 608 2668 769 2761; x_wconf 82' lang='lat' dir='ltr'>specifici</span> <span class='ocrx_word' id='word_1_81' title='bbox 807 2667 908 2743; x_wconf 82' lang='grc'>104.</span> <span class='ocrx_word' id='word_1_82' title='bbox 944 2667 1055 2758; x_wconf 76' lang='lat' dir='ltr'>Aqua</span> <span class='ocrx_word' id='word_1_83' title='bbox 1088 2666 1236 2754; x_wconf 75' lang='lat' dir='ltr'>dilutus</span> <span class='ocrx_word' id='word_1_84' title='bbox 1270 2667 1386 2759; x_wconf 88' lang='lat' dir='ltr'>baryo</span> 
     </span>
     <span class='ocr_line' id='line_1_15' title="bbox 185 2795 1385 2887; baseline -0.001 -19"><span class='ocrx_word' id='word_1_85' title='bbox 185 2798 316 2870; x_wconf 91' lang='lat' dir='ltr'>nitrico</span> <span class='ocrx_word' id='word_1_86' title='bbox 337 2797 512 2886; x_wconf 73' lang='lat' dir='ltr'>admixto</span> <span class='ocrx_word' id='word_1_87' title='bbox 534 2795 787 2871; x_wconf 87' lang='lat' dir='ltr'>sedimeutum</span> <span class='ocrx_word' id='word_1_88' title='bbox 813 2797 952 2884; x_wconf 88' lang='lat' dir='ltr'>album,</span> <span class='ocrx_word' id='word_1_89' title='bbox 978 2796 1016 2867; x_wconf 90' lang='grc'>111</span> <span class='ocrx_word' id='word_1_90' title='bbox 1036 2817 1137 2887; x_wconf 90' lang='lat' dir='ltr'>aqua</span> <span class='ocrx_word' id='word_1_91' title='bbox 1156 2796 1249 2867; x_wconf 90' lang='lat' dir='ltr'>etin</span> <span class='ocrx_word' id='word_1_92' title='bbox 1270 2795 1385 2868; x_wconf 86' lang='lat' dir='ltr'>acidis</span> 
     </span>
     <span class='ocr_line' id='line_1_16' title="bbox 188 2922 586 3012; baseline 0.005 -17"><span class='ocrx_word' id='word_1_93' title='bbox 188 2922 397 3012; x_wconf 84' lang='lat' dir='ltr'>insolubile,</span> <span class='ocrx_word' id='word_1_94' title='bbox 418 2924 586 2997; x_wconf 86' lang='lat' dir='ltr'>demittit.</span> 
     </span>
    </p>

    <p class='ocr_par' dir='ltr' id='par_1_7' title="bbox 186 3049 1387 4800">
     <span class='ocr_line' id='line_1_17' title="bbox 295 3049 1385 3144; baseline 0 -22"><span class='ocrx_word' id='word_1_95' title='bbox 295 3051 454 3123; x_wconf 84' lang='lat' dir='ltr'>Acidum</span> <span class='ocrx_word' id='word_1_96' title='bbox 474 3072 559 3123; x_wconf 89' lang='lat' dir='ltr'>cum</span> <span class='ocrx_word' id='word_1_97' title='bbox 581 3052 777 3144; x_wconf 91' lang='lat' dir='ltr'>quintuplo</span> <span class='ocrx_word' id='word_1_98' title='bbox 797 3050 987 3124; x_wconf 87' lang='lat' dir='ltr'>volumine</span> <span class='ocrx_word' id='word_1_99' title='bbox 1008 3049 1162 3143; x_wconf 88' lang='lat' dir='ltr'>spiritus</span> <span class='ocrx_word' id='word_1_100' title='bbox 1183 3050 1256 3122; x_wconf 90' lang='lat' dir='ltr'>vini</span> <span class='ocrx_word' id='word_1_101' title='bbox 1277 3056 1385 3124; x_wconf 90' lang='lat' dir='ltr'>caute</span> 
     </span>
     <span class='ocr_line' id='line_1_18' title="bbox 188 3179 1383 3272; baseline -0.001 -22"><span class='ocrx_word' id='word_1_102' title='bbox 188 3179 346 3251; x_wconf 90' lang='lat' dir='ltr'>dilutum</span> <span class='ocrx_word' id='word_1_103' title='bbox 375 3179 434 3250; x_wconf 89' lang='lat' dir='ltr'>vel</span> <span class='ocrx_word' id='word_1_104' title='bbox 466 3184 554 3271; x_wconf 89' lang='lat' dir='ltr'>post</span> <span class='ocrx_word' id='word_1_105' title='bbox 582 3180 730 3271; x_wconf 85' lang='lat' dir='ltr'>lougius</span> <span class='ocrx_word' id='word_1_106' title='bbox 756 3179 937 3272; x_wconf 86' lang='lat' dir='ltr'>temporis</span> <span class='ocrx_word' id='word_1_107' title='bbox 966 3179 1203 3251; x_wconf 86' lang='lat' dir='ltr'>intervallum</span> <span class='ocrx_word' id='word_1_108' title='bbox 1233 3199 1279 3250; x_wconf 91' lang='lat' dir='ltr'>ne</span> <span class='ocrx_word' id='word_1_109' title='bbox 1308 3185 1383 3251; x_wconf 92' lang='lat' dir='ltr'>tur·</span> 
     </span>
     <span class='ocr_line' id='line_1_19' title="bbox 187 3305 1386 3399; baseline 0 -22"><span class='ocrx_word' id='word_1_110' title='bbox 187 3307 309 3394; x_wconf 91' lang='lat' dir='ltr'>betur;</span> <span class='ocrx_word' id='word_1_111' title='bbox 346 3328 432 3380; x_wconf 90' lang='lat' dir='ltr'>cum</span> <span class='ocrx_word' id='word_1_112' title='bbox 466 3307 663 3399; x_wconf 87' lang='lat' dir='ltr'>quintuplo</span> <span class='ocrx_word' id='word_1_113' title='bbox 700 3308 890 3380; x_wconf 86' lang='lat' dir='ltr'>volumine</span> <span class='ocrx_word' id='word_1_114' title='bbox 917 3328 1037 3398; x_wconf 85' lang='lat' dir='ltr'>aquae</span> <span class='ocrx_word' id='word_1_115' title='bbox 1058 3305 1227 3394; x_wconf 89' lang='lat' dir='ltr'>dilutum,</span> <span class='ocrx_word' id='word_1_116' title='bbox 1258 3326 1386 3398; x_wconf 89' lang='lat' dir='ltr'>super·</span> 
     </span>
     <span class='ocr_line' id='line_1_20' title="bbox 186 3433 1385 3528; baseline 0.001 -23"><span class='ocrx_word' id='word_1_117' title='bbox 186 3433 271 3505; x_wconf 89' lang='lat' dir='ltr'>fusa</span> <span class='ocrx_word' id='word_1_118' title='bbox 297 3434 485 3507; x_wconf 89' lang='lat' dir='ltr'>solutione</span> <span class='ocrx_word' id='word_1_119' title='bbox 506 3436 592 3508; x_wconf 90' lang='lat' dir='ltr'>ferri</span> <span class='ocrx_word' id='word_1_120' title='bbox 613 3436 778 3508; x_wconf 87' lang='lat' dir='ltr'>sulfurici</span> <span class='ocrx_word' id='word_1_121' title='bbox 799 3458 854 3520; x_wconf 87' lang='lat' dir='ltr'>eo,</span> <span class='ocrx_word' id='word_1_122' title='bbox 877 3457 952 3528; x_wconf 90' lang='lat' dir='ltr'>quo</span> <span class='ocrx_word' id='word_1_123' title='bbox 972 3435 1136 3526; x_wconf 86' lang='lat' dir='ltr'>liquores</span> <span class='ocrx_word' id='word_1_124' title='bbox 1155 3456 1196 3505; x_wconf 89' lang='lat' dir='ltr'>se</span> <span class='ocrx_word' id='word_1_125' title='bbox 1216 3438 1385 3525; x_wconf 84' lang='lat' dir='ltr'>tangunt,</span> 
     </span>
     <span class='ocr_line' id='line_1_21' title="bbox 186 3561 1386 3636; baseline 0 -4"><span class='ocrx_word' id='word_1_126' title='bbox 186 3566 304 3634; x_wconf 87' lang='lat' dir='ltr'>strato</span> <span class='ocrx_word' id='word_1_127' title='bbox 338 3583 474 3636; x_wconf 84' lang='lat' dir='ltr'>zonam</span> <span class='ocrx_word' id='word_1_128' title='bbox 508 3564 656 3636; x_wconf 85' lang='lat' dir='ltr'>fuscam</span> <span class='ocrx_word' id='word_1_129' title='bbox 689 3584 735 3636; x_wconf 92' lang='lat' dir='ltr'>ne</span> <span class='ocrx_word' id='word_1_130' title='bbox 769 3563 952 3635; x_wconf 82' lang='lat' dir='ltr'>exhibeat.</span> <span class='ocrx_word' id='word_1_131' title='bbox 992 3561 1128 3635; x_wconf 89' lang='lat' dir='ltr'>Decem</span> <span class='ocrx_word' id='word_1_132' title='bbox 1168 3562 1386 3633; x_wconf 87' lang='lat' dir='ltr'>centimetra</span> 
     </span>
     <span class='ocr_line' id='line_1_22' title="bbox 187 3688 1385 3785; baseline -0.002 -24"><span class='ocrx_word' id='word_1_133' title='bbox 187 3690 317 3762; x_wconf 84' lang='lat' dir='ltr'>cubica</span> <span class='ocrx_word' id='word_1_134' title='bbox 331 3688 437 3777; x_wconf 84' lang='lat' dir='ltr'>acidi,</span> <span class='ocrx_word' id='word_1_135' title='bbox 454 3711 539 3761; x_wconf 88' lang='lat' dir='ltr'>cum</span> <span class='ocrx_word' id='word_1_136' title='bbox 556 3690 715 3783; x_wconf 90' lang='lat' dir='ltr'>decupla</span> <span class='ocrx_word' id='word_1_137' title='bbox 726 3691 932 3785; x_wconf 85' lang='lat' dir='ltr'>quantitate</span> <span class='ocrx_word' id='word_1_138' title='bbox 945 3712 1066 3783; x_wconf 85' lang='lat' dir='ltr'>aquae</span> <span class='ocrx_word' id='word_1_139' title='bbox 1083 3689 1210 3777; x_wconf 86' lang='lat' dir='ltr'>diluta,</span> <span class='ocrx_word' id='word_1_140' title='bbox 1223 3688 1385 3760; x_wconf 88' lang='lat' dir='ltr'>colorem</span> 
     </span>
     <span class='ocr_line' id='line_1_23' title="bbox 186 3816 1385 3911; baseline -0.003 -22"><span class='ocrx_word' id='word_1_141' title='bbox 186 3817 341 3890; x_wconf 90' lang='lat' dir='ltr'>rubrum</span> <span class='ocrx_word' id='word_1_142' title='bbox 375 3839 461 3890; x_wconf 89' lang='lat' dir='ltr'>cum</span> <span class='ocrx_word' id='word_1_143' title='bbox 493 3818 610 3891; x_wconf 87' lang='lat' dir='ltr'>tribus</span> <span class='ocrx_word' id='word_1_144' title='bbox 646 3819 724 3891; x_wconf 87' lang='lat' dir='ltr'>sive</span> <span class='ocrx_word' id='word_1_145' title='bbox 750 3824 912 3911; x_wconf 88' lang='lat' dir='ltr'>quatuor</span> <span class='ocrx_word' id='word_1_146' title='bbox 944 3820 1057 3910; x_wconf 82' lang='lat' dir='ltr'>guttis</span> <span class='ocrx_word' id='word_1_147' title='bbox 1082 3816 1279 3890; x_wconf 87' lang='lat' dir='ltr'>solutionis</span> <span class='ocrx_word' id='word_1_148' title='bbox 1299 3816 1385 3888; x_wconf 89' lang='lat' dir='ltr'>kalii</span> 
     </span>
     <span class='ocr_line' id='line_1_24' title="bbox 188 3944 1386 4038; baseline 0 -23"><span class='ocrx_word' id='word_1_149' title='bbox 188 3944 517 4036; x_wconf 81' lang='lat' dir='ltr'>lrypermangauici</span> <span class='ocrx_word' id='word_1_150' title='bbox 561 3947 596 4037; x_wconf 90' lang='grc'>(1</span> <span class='ocrx_word' id='word_1_151' title='bbox 619 3968 626 4017; x_wconf 89' lang='grc'>;</span> <span class='ocrx_word' id='word_1_152' title='bbox 648 3946 766 4035; x_wconf 83' lang='grc'>1000)</span> <span class='ocrx_word' id='word_1_153' title='bbox 802 3947 986 4034; x_wconf 84' lang='lat' dir='ltr'>effectum,</span> <span class='ocrx_word' id='word_1_154' title='bbox 1028 3966 1095 4038; x_wconf 91' lang='lat' dir='ltr'>per</span> <span class='ocrx_word' id='word_1_155' title='bbox 1138 3944 1386 4036; x_wconf 86' lang='lat' dir='ltr'>quadrantem</span> 
     </span>
     <span class='ocr_line' id='line_1_25' title="bbox 188 4070 1386 4164; baseline -0.002 -20"><span class='ocrx_word' id='word_1_156' title='bbox 188 4072 330 4144; x_wconf 90' lang='lat' dir='ltr'>circiter</span> <span class='ocrx_word' id='word_1_157' title='bbox 343 4072 460 4145; x_wconf 87' lang='lat' dir='ltr'>horae</span> <span class='ocrx_word' id='word_1_158' title='bbox 481 4079 643 4145; x_wconf 86' lang='lat' dir='ltr'>servent.</span> <span class='ocrx_word' id='word_1_159' title='bbox 664 4073 823 4145; x_wconf 83' lang='lat' dir='ltr'>Acidum</span> <span class='ocrx_word' id='word_1_160' title='bbox 844 4078 952 4146; x_wconf 87' lang='lat' dir='ltr'>caute</span> <span class='ocrx_word' id='word_1_161' title='bbox 972 4074 1011 4145; x_wconf 91' lang='lat' dir='ltr'>iu</span> <span class='ocrx_word' id='word_1_162' title='bbox 1030 4093 1169 4164; x_wconf 86' lang='lat' dir='ltr'>aquam</span> <span class='ocrx_word' id='word_1_163' title='bbox 1188 4070 1386 4162; x_wconf 82' lang='lat' dir='ltr'>hydrosul-</span> 
     </span>
     <span class='ocr_line' id='line_1_26' title="bbox 188 4198 1385 4294; baseline -0.002 -24"><span class='ocrx_word' id='word_1_164' title='bbox 188 4201 349 4272; x_wconf 86' lang='lat' dir='ltr'>iuratam</span> <span class='ocrx_word' id='word_1_165' title='bbox 368 4200 588 4275; x_wconf 88' lang='lat' dir='ltr'>instillatum</span> <span class='ocrx_word' id='word_1_166' title='bbox 607 4222 655 4273; x_wconf 87' lang='lat' dir='ltr'>ne</span> <span class='ocrx_word' id='word_1_167' title='bbox 676 4207 757 4273; x_wconf 88' lang='lat' dir='ltr'>tum</span> <span class='ocrx_word' id='word_1_168' title='bbox 788 4202 941 4294; x_wconf 86' lang='lat' dir='ltr'>quidem</span> <span class='ocrx_word' id='word_1_169' title='bbox 969 4201 1138 4273; x_wconf 90' lang='lat' dir='ltr'>turbetur</span> <span class='ocrx_word' id='word_1_170' title='bbox 1167 4204 1232 4271; x_wconf 88' lang='lat' dir='ltr'>aut</span> <span class='ocrx_word' id='word_1_171' title='bbox 1262 4198 1385 4271; x_wconf 90' lang='lat' dir='ltr'>colore</span> 
     </span>
     <span class='ocr_line' id='line_1_27' title="bbox 188 4327 1387 4420; baseline -0.002 -22"><span class='ocrx_word' id='word_1_172' title='bbox 188 4327 294 4400; x_wconf 86' lang='lat' dir='ltr'>viridi</span> <span class='ocrx_word' id='word_1_173' title='bbox 314 4328 509 4417; x_wconf 83' lang='lat' dir='ltr'>inficiatur,</span> <span class='ocrx_word' id='word_1_174' title='bbox 530 4349 646 4420; x_wconf 88' lang='lat' dir='ltr'>quum</span> <span class='ocrx_word' id='word_1_175' title='bbox 668 4329 898 4400; x_wconf 86' lang='lat' dir='ltr'>ammoniam</span> <span class='ocrx_word' id='word_1_176' title='bbox 919 4327 1175 4399; x_wconf 86' lang='lat' dir='ltr'>abundantem</span> <span class='ocrx_word' id='word_1_177' title='bbox 1191 4331 1226 4398; x_wconf 89' lang='lat' dir='ltr'>et</span> <span class='ocrx_word' id='word_1_178' title='bbox 1247 4346 1387 4397; x_wconf 75' lang='lat' dir='ltr'>amnio-</span> 
     </span>
     <span class='ocr_line' id='line_1_28' title="bbox 189 4454 1386 4545; baseline -0.003 -18"><span class='ocrx_word' id='word_1_179' title='bbox 189 4454 292 4527; x_wconf 88' lang='lat' dir='ltr'>uium</span> <span class='ocrx_word' id='word_1_180' title='bbox 313 4455 536 4528; x_wconf 88' lang='lat' dir='ltr'>sulfuratum</span> <span class='ocrx_word' id='word_1_181' title='bbox 555 4455 764 4542; x_wconf 86' lang='lat' dir='ltr'>addideris;</span> <span class='ocrx_word' id='word_1_182' title='bbox 793 4454 907 4526; x_wconf 89' lang='lat' dir='ltr'>vicies</span> <span class='ocrx_word' id='word_1_183' title='bbox 928 4476 1028 4545; x_wconf 88' lang='lat' dir='ltr'>aqua</span> <span class='ocrx_word' id='word_1_184' title='bbox 1053 4454 1210 4527; x_wconf 89' lang='lat' dir='ltr'>dilutum</span> <span class='ocrx_word' id='word_1_185' title='bbox 1231 4457 1386 4544; x_wconf 82' lang='lat' dir='ltr'>argento</span> 
     </span>
     <span class='ocr_line' id='line_1_29' title="bbox 188 4581 1385 4674; baseline 0 -20"><span class='ocrx_word' id='word_1_186' title='bbox 188 4582 320 4654; x_wconf 85' lang='lat' dir='ltr'>uitrico</span> <span class='ocrx_word' id='word_1_187' title='bbox 344 4603 392 4654; x_wconf 92' lang='lat' dir='ltr'>ne</span> <span class='ocrx_word' id='word_1_188' title='bbox 417 4582 593 4655; x_wconf 89' lang='lat' dir='ltr'>turbetur.</span> <span class='ocrx_word' id='word_1_189' title='bbox 621 4581 663 4654; x_wconf 89' lang='lat' dir='ltr'>ln</span> <span class='ocrx_word' id='word_1_190' title='bbox 684 4586 868 4674; x_wconf 89' lang='lat' dir='ltr'>apparatu</span> <span class='ocrx_word' id='word_1_191' title='bbox 888 4581 1043 4654; x_wconf 84' lang='lat' dir='ltr'>Marshii</span> <span class='ocrx_word' id='word_1_192' title='bbox 1063 4581 1317 4653; x_wconf 79' lang='lat' dir='ltr'>examinatum</span> <span class='ocrx_word' id='word_1_193' title='bbox 1337 4602 1385 4654; x_wconf 89' lang='lat' dir='ltr'>ne</span> 
     </span>
     <span class='ocr_line' id='line_1_30' title="bbox 190 4707 1032 4800; baseline -0.001 -19"><span class='ocrx_word' id='word_1_194' title='bbox 190 4708 391 4799; x_wconf 83' lang='lat' dir='ltr'>vestigium</span> <span class='ocrx_word' id='word_1_195' title='bbox 417 4707 567 4800; x_wconf 90' lang='lat' dir='ltr'>quidem</span> <span class='ocrx_word' id='word_1_196' title='bbox 588 4708 734 4800; x_wconf 88' lang='lat' dir='ltr'>speculi</span> <span class='ocrx_word' id='word_1_197' title='bbox 754 4707 913 4781; x_wconf 83' lang='lat' dir='ltr'>arsanici</span> <span class='ocrx_word' id='word_1_198' title='bbox 934 4708 1032 4780; x_wconf 88' lang='lat' dir='ltr'>edat.</span> 
     </span>
    </p>
   </div>
   <div class='ocr_carea' id='block_1_5' title="bbox 0 0 1757 5450">
    <p class='ocr_par' dir='ltr' id='par_1_8' title="bbox 0 0 1757 5450">
     <span class='ocr_line' id='line_1_31' title="bbox 0 0 1757 5450; baseline 0 0"><span class='ocrx_word' id='word_1_199' title='bbox 0 0 1757 5450; x_wconf 95' lang='lat' dir='ltr'> </span> 
     </span>
    </p>
   </div>
  </div>
 </body>
</html>
