3500 5450
633 549 871 621 -159-

158 784 294 853 panim
329 763 519 852 solubilca
555 787 639 838 cum
687 766 794 838 acido
829 764 1113 857 hydrochlorico
1161 765 1360 838 calefactae

161 890 331 963 chlorum
348 891 531 980 emittunt,
548 913 618 984 ope
634 914 750 966 ansae
765 893 814 965 fili
830 893 984 984 platinei
1000 894 1172 964 flammae
1187 893 1360 964 admotae

158 1018 256 1090 banc
277 1018 400 1092 colore
420 1018 587 1092 violaceo
607 1020 785 1094 inficiunt.

268 1144 412 1218 Salutio
428 1167 583 1237 aquosa,
598 1148 798 1220 reacticnis
814 1148 993 1234 neutrina
1016 1167 1083 1218 nec
1104 1168 1202 1239 aqua
1222 1146 1355 1237 hydro·

158 1272 349 1362 sulfurata,
370 1295 440 1345 nec
462 1276 652 1348 ammonio
673 1275 828 1364 oxalic0,
850 1295 919 1346 nec
940 1275 1056 1365 baryo
1076 1274 1217 1362 nitrico,
1238 1294 1359 1364 neque

156 1404 311 1492 argento
330 1401 461 1473 nitrien
481 1406 600 1474 mutet
648 1458 656 1473 .

398 1851 610 1961 ltaliam
636 1852 1122 1995 lytrcoxytatum.

384 2081 480 2160 Kali
505 2082 742 2160 causticam.
766 2083 892 2185 Lapis
916 2083 1133 2160 causticae.

267 2276 396 2349 Bacilli
417 2278 616 2368 cylindrici,
647 2279 720 2350 albi
740 2280 799 2350 vel
818 2299 952 2370 parum
971 2278 1229 2367 flavescenteS,
1260 2278 1359 2366 sicci,

156 2403 248 2492 duri,
269 2404 378 2477 valde
398 2404 563 2494 caustici,
584 2411 669 2477 aare
689 2405 928 2492 humescunt,
948 2406 986 2477 in
1002 2425 1101 2496 aqua
1115 2404 1248 2497 frigida
1262 2407 1360 2478 l'acil·

153 2531 241 2603 lime
282 2531 471 2605 solubilea
512 2530 654 2604 Salutio
685 2552 840 2623 aquosa,
881 2532 987 2605 acido
1021 2532 1194 2604 tamarica
1228 2554 1356 2625 snper·

154 2663 331 2749 saturata,
353 2659 636 2754 praecipitatum
657 2658 912 2750 crystallinum
932 2659 1058 2733 album
1078 2659 1248 2734 demittit.

269 2787 415 2861 Kalium
449 2786 774 2879 bydrooxydatum
807 2788 846 2859 in
884 2788 1015 2880 spiritu
1047 2787 1123 2860 vini
1161 2788 1277 2861 diluto
1316 2811 1360 2861 ex

158 2915 301 3006 integro
321 2915 396 2987 fere
418 2916 603 3006 solvatur,
622 2915 660 2986 in
680 2915 787 2988 acido
808 2915 984 2988 sullinico
1004 2916 1119 2988 diluto
1140 2916 1306 2989 solutum
1326 2924 1362 2989 et

158 3042 265 3115 acido
286 3043 463 3116 sulfurico
485 3046 736 3129 concentratO,
759 3043 817 3114 cui
836 3043 921 3114 lerri
942 3042 1106 3115 sullurici
1132 3043 1268 3116 solutio
1295 3044 1358 3116 ad-

153 3168 254 3262 jecta
273 3176 341 3259 est,
363 3169 646 3262 superadditum
666 3190 800 3242 zonam
819 3169 1080 3243 intermediam
1108 3171 1242 3244 coloris
1269 3172 1361 3245 lusci

156 3317 204 3369 ne
225 3296 372 3370 efficiat.
401 3296 545 3370 Solutic
571 3318 727 3387 aquosa,
757 3296 796 3368 in
830 3296 979 3369 acidum
1012 3297 1184 3370 nitricum
1205 3298 1360 3371 dilutum

156 3424 290 3511 inlusa,
311 3445 444 3516 parum
464 3423 615 3497 nonnisi
635 3424 851 3496 effervescat
873 3428 910 3496 et
929 3423 1057 3497 addita
1076 3424 1262 3497 solutione
1283 3425 1360 3497 sive

160 3551 264 3643 baryi
285 3551 406 3625 nitrici
427 3552 505 3624 sive
526 3552 668 3642 argenti
688 3551 808 3624 nitrici
827 3551 888 3623 vix
907 3551 1088 3625 turbetur.

273 3678 447 3752 Servetur
466 3699 557 3751 vase
578 3680 716 3772 optime
738 3680 878 3751 clause.

393 4145 602 4255 llalium
631 4144 1143 4288 hydretartaricum.

348 4377 539 4454 Tartarus
564 4377 797 4477 depurata&
833 4372 1003 4454 Cramer
1026 4376 1180 4454 tartari.

270 4595 425 4665 crustae
442 4591 687 4683 crystallinae,
704 4591 821 4677 albae,
838 4588 916 4661 sive
935 4589 1058 4681 pulvis
1074 4589 1193 4675 albuS‚
1211 4591 1362 4682 crystal-

157 4717 266 4807 linuS,
280 4719 425 4811 saporis
438 4718 545 4805 acidi,
558 4717 689 4806 acerbi,
702 4719 738 4788 in
752 4737 851 4809 aqua
860 4716 994 4809 frigida
1010 4716 1168 4806 difficile,
1186 4717 1222 4789 in
1234 4718 1362 4808 viginti
