3500 5450
680 548 923 622 -rtrae

207 767 476 846 medullaribus
509 768 606 860 latis
641 768 774 843 albidis
809 767 1029 860 composito,
1055 765 1192 837 circulo
1227 765 1403 837 ductuum

209 896 537 970 balsamilerorum
557 902 740 984 ornatum,
770 900 806 968 et
824 895 1027 968 medullam
1047 894 1210 986 amplam
1229 893 1403 965 albidam.

314 1043 437 1116 Radix
451 1042 608 1115 Arnieae
623 1063 709 1115 vere
729 1043 790 1115 vel
809 1047 989 1114 autumno
1011 1039 1205 1131 colligatur
1224 1061 1293 1111 nec
1315 1058 1401 1111 con·

210 1169 387 1241 fundatur
434 1191 518 1241 cum
571 1168 776 1240 rhizomate
805 1166 969 1238 Hieracii
1010 1189 1192 1236 liturarum
1236 1165 1403 1257 (Lina),

207 1295 405 1392 Fropariue
433 1320 545 1368 vescae
573 1296 724 1387 (Lirin.)
755 1300 792 1367 et
810 1292 995 1365 Betouicue
1023 1291 1210 1387 officinalis
1239 1291 1403 1383 (Linn.),

207 1424 378 1497 ductibus
426 1423 673 1496 balsamileris
723 1421 901 1495 destituto
945 1442 1014 1493 uec
1062 1442 1147 1493 curn
1198 1419 1402 1492 rlrizomatc

208 1553 403 1643 crassiore,
429 1552 594 1642 undique
614 1550 781 1623 radicato
803 1549 999 1645 Eupatorii
1017 1547 1208 1620 careredici
1228 1548 1404 1639 (Lina).

319 1698 499 1771 Tinctum.

553 2126 732 2237 Radix
756 2126 1064 2235 Bardunac.

317 2350 449 2448 Lappa
463 2352 619 2449 column
631 2350 664 2425 N
671 2347 871 2441 eilreich‚
890 2351 1017 2445 planta
1032 2350 1191 2442 biennis,
1210 2373 1278 2442 per
1288 2354 1406 2423 totam

210 2482 286 2555 fere
305 2481 495 2574 Europam
515 2501 700 2553 crescens.
728 2479 955 2575 Compositae.

306 2620 444 2699 ‘Radix
463 2626 622 2719 simplex
650 2632 715 2698 aut
743 2626 978 2717 subramosa,
1006 2624 1212 2698 fusiformis
1230 2624 1289 2697 vel
1318 2626 1406 2697 sub-

214 2756 427 2849 cylindrica,
448 2778 617 2847 carnosa,
644 2756 782 2828 siccata
816 2776 930 2847 saepe
961 2755 1142 2846 subterta,
1168 2755 1332 2847 quinque
1361 2754 1408 2826 ad

215 2886 346 2958 decem
365 2885 575 2958 millimetm
599 2906 739 2974 crassa,
767 2884 806 2956 in
826 2884 1056 2957 extremitate
1078 2883 1271 2976 superiore
1297 2904 1410 2976 saepe

210 3014 404 3088 residuum
439 3013 554 3086 caulis
587 3013 987 3086 alnido-tomentosum
1014 3014 1149 3101 ferens,
1176 3011 1408 3085 extrinsecus

213 3139 530 3231 longitudinaliter
544 3162 693 3232 rugosa,
710 3162 729 3212 e
745 3141 979 3232 nigrescente
994 3141 1111 3229 lusca,
1128 3139 1233 3228 dura,
1249 3140 1411 3212 tractura

217 3266 437 3355 subcornea,
466 3266 504 3338 in
533 3266 699 3340 sectione
733 3271 954 3339 transversa
987 3266 1122 3339 cortice
1148 3264 1410 3354 crassiusculo,

215 3393 312 3480 albu,
331 3398 474 3466 remote
499 3393 659 3466 obscure
688 3394 831 3465 radiato
862 3398 899 3466 et
926 3392 1027 3484 ligno
1059 3391 1197 3481 alhid0,
1218 3391 1409 3464 fasciculis

212 3522 301 3613 ligni
319 3519 467 3593 flavidis
494 3525 558 3592 aut
577 3521 889 3608 luscescentibuS,
910 3519 1080 3592 minutim
1096 3520 1256 3613 porosiS,
1278 3542 1409 3611 grosse

214 3649 386 3721 radiatim
413 3649 553 3737 striato,
584 3648 729 3740 saporis
768 3648 971 3736 subdulcis‚
1000 3648 1112 3739 paulo
1138 3647 1410 3739 mucilaginosi.

320 3795 579 3887 Parenchyma
592 3794 742 3886 radicis
758 3795 882 3886 amylo
903 3800 939 3866 et
954 3794 1139 3885 crystallis
1156 3794 1260 3868 calcii
1277 3793 1410 3866 oxalici

216 3924 370 3997 omnino
392 3923 563 4015 carentis,
583 3922 726 3996 inulino
745 3923 929 4015 repletum
950 3929 1017 3995 est.

323 4070 525 4161 Colligatur
544 4073 723 4142 autumno
742 4069 852 4161 primi
872 4069 932 4142 vel
960 4090 1046 4141 vere
1076 4069 1231 4142 secundi
1259 4069 1347 4142 anni
1375 4074 1411 4142 et

213 4198 307 4272 bene
337 4195 477 4268 siccata
505 4195 587 4267 loco
617 4195 717 4267 sicco
747 4200 927 4267 servetur.
968 4193 1186 4284 Rejicienda
1214 4200 1270 4267 est
1304 4194 1411 4266 radix

216 4326 375 4399 adultior
407 4324 565 4416 lignosa,
590 4328 654 4396 aul
680 4347 699 4396 e
728 4324 856 4416 planta
885 4324 985 4396 culta
1014 4323 1187 4395 desumla
1214 4322 1344 4414 major,
1373 4323 1411 4393 in

217 4452 421 4546 segmentis
456 4452 677 4544 plerumque
714 4472 781 4544 per
817 4451 1089 4542 longitudinem
1128 4451 1240 4539 fissis
1279 4450 1412 4524 coloris

216 4581 409 4669 dilutioris
429 4579 667 4670 lusco-grisei
687 4583 752 4652 aut
772 4579 917 4652 cinerei.

323 4725 456 4820 Species
475 4723 680 4818 [signorum.
