3500 5450
663 584 713 592 --
749 544 822 615 mo
856 584 906 593 -

186 760 421 852 Camphorae
433 760 572 852 similis,
584 762 730 853 saporis
746 760 950 849 aromatici,
960 760 1139 852 ponderis
1152 760 1390 852 spectltltltl.

186 887 231 959 ln
261 889 392 980 spiritu
429 887 505 960 vini
544 892 784 960 concentrato
815 887 987 960 facillime
1017 887 1184 973 solubile,
1213 887 1390 978 temporis

185 1021 306 1089 tractu
326 1015 555 1109 stcaropteni
575 1016 747 1108 exiguam
769 1015 1016 1108 quantitatem
1037 1015 1198 1107 deponit.
1291 1014 1294 1019 ’

294 1142 538 1215 linimentum
557 1143 1028 1240 superlato-camploratum.
1064 1141 1283 1240 Unpucatum
1310 1164 1389 1213 aro·

187 1269 366 1343 malicum.

576 1592 760 1701 tllcum
787 1592 1016 1701 Santali.

299 1816 328 1889 Ε
349 1815 450 1907 ligno
472 1815 613 1890 Saritali
633 1815 706 1888 olli
728 1814 880 1911 (Linn.)
900 1821 1083 1909 paratum,
1103 1815 1237 1887 coloris
1256 1815 1392 1907 pallide

189 1943 284 2030 tlavi,
305 1943 431 2015 odoris
451 1943 559 2016 valde
581 1943 784 2031 aromatici,
806 1944 952 2036 saporis
973 1942 1163 2016 aromatici
1182 1942 1391 2036 pungentia,

189 2071 366 2164 ponderis
381 2092 480 2164 spec.
495 2074 624 2160 oudo,
639 2071 837 2144 coactionis
856 2071 1024 2144 neutrius
1044 2074 1109 2143 aut
1124 2071 1238 2163 paulo
1253 2071 1392 2160 acidae,

189 2198 227 2270 in
246 2199 377 2291 spiritu
398 2199 473 2271 vini
494 2204 734 2272 concentrato
756 2200 861 2272 facile
882 2198 1050 2271 solubile.

196 2525 492 2635 oleum
517 2523 844 2661 sinapis
865 2527 1391 2635 aethereum.

542 2752 676 2855 Allylii
694 2751 1033 2855 Sulfooyanidum.

301 2947 329 3019 Ε
350 2948 560 3021 seminibus
582 2948 732 3041 Sinopis
752 2948 893 3041 nigrae,
915 2950 964 3021 ob
985 2949 1068 3021 oleo
1088 2948 1219 3041 pingui
1240 2969 1390 3040 expres·

194 3075 300 3148 sione
339 3076 504 3148 liberatis
547 3079 732 3168 paratum,
779 3075 829 3147 sit
874 3096 1009 3149 recens
1058 3076 1222 3164 decolor,
1271 3076 1391 3168 limpi-

193 3203 295 3292 dum,
326 3201 454 3274 odoris
489 3201 811 3293 penetrantissimi
842 3202 952 3291 acriS,
980 3202 1128 3294 saporis
1153 3201 1318 3289 urentis;
1352 3202 1391 3274 in

192 3334 276 3403 cute
293 3351 369 3423 qua
382 3329 621 3403 rubefaciens
643 3331 728 3422 agit.
749 3330 804 3402 Sit
822 3330 1004 3423 ponderis
1026 3350 1126 3423 spec.
1145 3329 1392 3416 rot—lou,

192 3458 264 3529 sub
285 3460 539 3549 temperatura
563 3456 662 3529 148ο
690 3456 828 3529 ebullit.
848 3457 986 3529 Facilie
1005 3457 1044 3528 in
1064 3457 1194 3549 spiritu
1213 3456 1287 3528 vini
1307 3477 1393 3528 con·

193 3589 361 3657 centrato
391 3588 429 3657 et
453 3583 493 3655 in
518 3583 678 3671 aethere,
698 3604 831 3674 parum
859 3584 898 3654 in
925 3605 1024 3675 aqua
1054 3582 1223 3668 solvitur;
1255 3582 1392 3656 solutio

193 3733 339 3803 aquosa
373 3710 446 3782 cito
476 3710 772 3803 decomponitur.
803 3710 937 3783 Oleum
965 3731 1033 3803 per
1060 3711 1208 3802 longius
1242 3714 1392 3802 tempus

191 3839 266 3912 luci
295 3838 520 3931 expositum,
549 3837 672 3911 induit
705 3839 869 3911 colorem
903 3838 1181 3912 rutilo-fuscum
1219 3841 1256 3909 et
1296 3837 1393 3910 sedi-

192 3971 362 4040 mentum
382 3965 532 4038 sordide
553 3968 811 4040 aurantiacum
832 3967 995 4060 deponit.

302 4091 436 4167 Guttae
457 4093 589 4166 decem
609 4093 681 4166 olei
701 4115 786 4166 cum
816 4094 980 4186 quinque
1001 4092 1226 4166 centimetris
1256 4092 1394 4165 cubicis

193 4223 289 4295 acidi
318 4222 485 4296 sulfurici
516 4222 748 4294 concentrati
781 4223 930 4311 mixtae,
971 4222 1195 4294 solutionem
1234 4198 1396 4292 efficiant

191 4350 398 4443 limpidum,
419 4350 479 4422 vix
499 4350 631 4423 autad
651 4370 841 4424 summum
860 4351 998 4422 flavam
1017 4350 1232 4422 coloratam.

303 4479 477 4551 Servetur
497 4498 586 4550 vase
606 4478 702 4549 bene
729 4478 871 4566 clauso,
894 4477 941 4549 ab
961 4477 1055 4550 lucis
1077 4481 1113 4551 et
1133 4476 1229 4549 ae‘ris
1254 4476 1395 4548 influxu

193 4610 390 4679 remotum.

302 4731 461 4827 Spiritus
481 4730 640 4828 Sinopis.
