3500 5450
652 543 891 616 -137-

277 755 345 830 Est
371 755 520 830 Gummi
554 758 767 850 modorum,
803 762 952 855 saporis
978 762 1070 835 latui
1097 763 1365 857 mucilaginosi.

169 884 262 958 Cum
276 888 444 980 pondere
466 889 602 983 duplici
624 914 746 986 aquae
765 893 876 982 lente,
899 893 966 965 sed
987 915 1033 964 ex
1048 898 1126 965 toto
1143 893 1300 966 solvitur
1320 895 1366 967 ad

168 1014 429 1106 mucilaginem
459 1017 701 1092 adltaesivam
722 1020 1073 1106 subtlavescentem,
1100 1043 1195 1112 quae
1214 1022 1366 1113 plumbo

169 1143 321 1231 ucetico,
342 1146 476 1235 quavis
496 1148 739 1239 proportione
769 1149 981 1235 commixta,
1002 1169 1078 1220 non
1097 1148 1280 1236 turbatur,
1301 1150 1368 1221 sed

168 1269 299 1360 spiritu
329 1271 404 1344 vini
424 1273 691 1366 praecipitatur
716 1280 752 1347 et
770 1276 956 1349 solutione
972 1274 1058 1347 ferri
1078 1275 1368 1368 sesquichlorati

170 1398 218 1469 ad
247 1398 452 1488 gelatiuam
481 1402 638 1494 rigidam
678 1404 895 1476 concrescit.
925 1403 966 1476 ln
998 1402 1184 1476 solutione
1214 1425 1233 1474 e
1262 1411 1368 1496 parte

168 1548 245 1599 una
265 1526 413 1601 Gummi
435 1550 520 1602 cunr
541 1531 710 1622 partibus
732 1532 897 1625 quinque
913 1531 1077 1603 millibus
1094 1552 1214 1623 aquae
1240 1530 1365 1602 destil-

167 1653 276 1741 latae,
295 1656 490 1746 plumbum
511 1657 693 1731 aceticnm
721 1659 896 1733 basicum
922 1661 1087 1732 solutum
1114 1658 1367 1731 sedimentum

168 1783 316 1856 alliciat.

275 1909 460 2008 Mucilcpo.
472 1911 633 1984 delictum
640 1937 830 2010 pacntnoco.
847 1914 971 1987 Pulvis
984 1937 1197 2010 patamonis.
1211 1912 1368 1986 Enan'o

168 2035 290 2108 oleoso.
322 2035 434 2110 Poste
465 2063 658 2135 petromoso.
688 2039 798 2112 Pustc
825 2040 1041 2137 Lipuiritinc
1062 2041 1176 2136 sicco.
1206 2039 1369 2112 Gelotino

166 2162 380 2259 Liquiritc‘cc
394 2165 582 2261 pellucido.

517 2453 700 2561 floria
729 2453 1015 2562 absinthii.

276 2676 472 2749 Artemisio
506 2676 728 2750 Alsiatleium
762 2678 908 2770 Lino,
947 2679 1079 2771 planta
1110 2677 1294 2770 perennis,
1328 2677 1366 2749 in

167 2804 320 2897 campis,
340 2806 538 2895 ruderatis
556 2807 604 2879 ad
620 2807 701 2879 vias
719 2813 755 2879 et
769 2828 879 2898 sepes
894 2806 1041 2899 passim
1058 2807 1245 2898 frequens.
1268 2806 1368 2877 Com·

164 2930 311 3025 positae.

276 3059 401 3132 Herba
427 3060 559 3132 florida
579 3060 728 3149 siccata,
759 3060 900 3133 sistens
928 3060 1017 3132 lolia
1052 3066 1089 3133 et
1117 3059 1368 3132 summitates

168 3185 271 3259 Folia
292 3187 408 3260 denso
428 3193 593 3259 tomento
614 3208 634 3260 e
653 3187 737 3280 pilis
759 3186 1240 3280 divaricato·bicuspidatiS,
1260 3186 1369 3259 inter·

169 3315 293 3387 mixtis
313 3314 502 3407 glandulis
533 3315 701 3405 ole‘ileris
721 3315 1025 3404 sericeo-incana,
1055 3314 1231 3389 radicalia
1259 3316 1369 3405 longe

169 3441 363 3533 petiolata,
394 3441 834 3535 triplicato-pinnatifida‚
870 3441 1020 3514 caulina
1049 3442 1191 3515 sensim
1221 3441 1370 3514 brevius

170 3568 357 3661 petiolata‚
377 3569 637 3662 bipinnatifida
657 3568 714 3640 vel
733 3569 968 3662 pinnatilida,
988 3570 1131 3643 laciniis
1150 3568 1370 3642 lanceolatis

171 3702 237 3769 aut
278 3696 501 3789 spatulatis‚
545 3696 689 3768 tloralia
731 3696 900 3782 indivisa,
941 3695 1161 3784 lanceolata,
1209 3694 1369 3767 sessilia.

171 3823 362 3898 Anthodia
372 3846 501 3917 parva,
513 3823 752 3915 subglobosa
763 3822 1028 3915 pedunculata,
1039 3822 1368 3909 nutantiasolum·

172 3950 286 4024 modo
301 3953 413 4025 flores
434 3951 634 4024 tubulosos
655 3951 774 4022 flavos
795 3951 834 4022 in
853 3950 1021 4024 thalamo
1041 3950 1173 4022 villoso
1194 3950 1370 4042 gerentia,

173 4078 356 4171 disposita
392 4080 431 4153 in
467 4101 638 4152 racemos
677 4080 866 4168 axillares,
904 4081 1119 4172 paniculam
1156 4077 1371 4169 elongatam

172 4206 408 4280 terminalem
436 4206 653 4279 formantes.
689 4205 791 4279 Odor
824 4206 948 4297 gravis
982 4205 1223 4295 aromaticus,
1258 4226 1372 4297 sapor

173 4334 625 4427 aromatico-peramarus.

286 4461 455 4534 Tinctum
489 4461 670 4535 Absintlu‘c'
702 4462 900 4557 conposito.
935 4460 1178 4556 Emplastrum
1212 4460 1368 4532 Melilotc‘.

174 4588 307 4684 Species
339 4591 581 4662 ornaricuntcs.
625 4588 843 4687 Utrpucatum
878 4588 1119 4662 aromaticum.
1155 4586 1372 4684 Unpuentum

172 4718 346 4812 ,lurripcrt
