3500 5450
669 533 909 605 -179—

290 747 382 821 Pars
402 770 479 822 una
497 748 591 823 acidi
611 750 778 823 sulfurici
797 747 1028 822 concentrati
1045 770 1130 819 curn
1145 749 1383 840 supereffusa

182 881 285 969 parte
296 875 441 968 aequali
453 875 648 949 solutionis
659 877 779 950 mellis
790 896 969 969 aquosae,
982 896 1026 949 eo
1039 880 1170 963 stram,
1184 896 1258 967 quo
1271 876 1382 948 ambo

181 1003 346 1095 liquores
362 1022 402 1075 se
418 1008 590 1094 tangunt,
607 1004 770 1078 colorem
784 1005 934 1077 fuscum
951 1007 1016 1075 aut
1032 1003 1179 1094 nigrum
1193 1023 1240 1075 ne
1257 1004 1383 1076 statim

181 1128 375 1222 producat.

290 1257 361 1329 Mel
380 1255 599 1354 depuratum.

543 1686 649 1796 Mol
675 1687 1021 1831 depuratum.

181 1913 282 2006 Rpe:
324 1910 553 2013 ilnrraghoc!
727 1920 929 2010 prommota
950 1920 1103 2009 quotuor
1359 1914 1384 1985 4

320 2040 441 2142 Aquae
463 2040 672 2119 destillant
726 2048 962 2137 praeornatum
982 2040 1051 2113 duo
1065 2040 1191 2113 aetitia.
1279 2041 1384 2113 0000

293 2168 442 2243 Calefac
462 2169 500 2242 in
520 2171 642 2244 lebete
661 2190 784 2262 usque
805 2170 854 2241 ad
874 2168 1140 2258 ebullitionem,
1162 2170 1258 2242 adde

319 2293 434 2371 Mollis
725 2303 963 2392 praeornatum
983 2296 1051 2368 duo
1071 2296 1198 2369 taillia.
1276 2297 1383 2370 0000

291 2424 509 2515 Coquantur
522 2425 597 2498 leni
612 2424 697 2517 igne
712 2446 779 2518 per
794 2425 1045 2516 quadrantem
1062 2425 1191 2513 horae,
1208 2445 1383 2517 spumam

180 2573 252 2643 ope
268 2551 475 2624 cochlearis
496 2552 765 2645 despumatorii
781 2553 1014 2644 separando;
1035 2552 1159 2644 liquor
1175 2551 1300 2623 adhuc
1321 2573 1382 2623 ca·

180 2679 278 2752 lidus
297 2701 365 2773 per
383 2679 573 2753 manicam
592 2700 780 2774 panneam
801 2681 944 2754 coletur
964 2684 1001 2754 et
1026 2678 1075 2752 ad
1096 2677 1381 2751 consistentiam

183 2808 312 2899 syrupi
331 2807 524 2899 spissioris
546 2812 779 2899 evaporatur.

292 2935 409 3007 Serva
428 2935 467 3007 in
486 2935 569 3007 loco
585 2934 728 3025 frigido.

289 3059 527 3134 Elecluorium
552 3061 793 3133 aromaticum.
821 3059 1046 3132 Elecluaram
1076 3058 1263 3132 tutilinam.
1294 3058 1379 3131 Eor-

174 3188 351 3283 plustrum
370 3188 614 3283 septitanum.
643 3186 712 3260 Met
728 3193 896 3261 rosatum.
924 3186 1063 3285 Osymel
1080 3185 1214 3261 Scillae.
1240 3188 1384 3285 Ocyrael

160 3316 336 3411 simplex.

591 3710 698 3819 lllcl
723 3716 984 3820 rosatum.

182 3938 283 4030 Rpe:
320 3933 464 4013 Florum
484 3934 598 4012 Boane
734 3942 936 4030 prammato
954 3934 1081 4030 oipinti
1333 3934 1385 4006 00

322 4062 443 4164 Aque
464 4060 624 4140 fervidus
733 4070 933 4159 praeamata
955 4062 1038 4133 duce
1056 4068 1147 4132 eota.
1309 4061 1386 4133 000

294 4193 442 4285 Sepone
462 4214 529 4284 per
546 4196 622 4264 tres
641 4190 769 4282 horas,
790 4196 870 4264 tum
901 4191 984 4264 cola
1005 4196 1041 4263 et
1069 4191 1247 4283 exprime,
1276 4194 1388 4282 atque

184 4319 319 4412 liquori
339 4319 477 4391 filtrato
497 4319 596 4391 adda
731 4374 733 4378 <

323 4443 439 4523 licllis
460 4443 629 4546 deputati
728 4451 928 4541 promanant
943 4443 1142 4540 quiaqazla.
1311 4444 1389 4516 500

295 4572 412 4645 Mixta
432 4577 680 4664 evaporentur
698 4572 773 4644 leni
788 4573 872 4664 igne
889 4571 937 4643 ad
953 4570 1076 4643 mellis
1092 4570 1387 4662 spissitudinem.

298 4700 415 4772 Serva
434 4700 473 4771 in
491 4699 575 4771 loco
596 4698 740 4790 frigido.

1172 4837 1224 4890 12*
