3500 5450
644 594 688 607 -
724 551 801 628 mx
832 594 884 607 -

528 767 703 876 Radix
728 765 1002 877 Althaeae.

275 989 424 1063 Althaea
443 991 632 1086 (efficientis
649 992 796 1080 Linn.,
816 993 916 1065 vide:
938 993 1041 1064 Folia
1062 993 1235 1065 Althaeae.

276 1117 386 1191 Rami
415 1120 550 1192 radicis
582 1121 739 1208 carnosi,
768 1118 917 1213 rejectis
946 1121 1115 1214 partibus
1144 1122 1298 1213 lignosis
1329 1126 1365 1195 et

167 1245 332 1333 cariosis
354 1249 480 1321 stratis
501 1248 743 1321 exterioribus
765 1248 910 1321 corticis
937 1248 1081 1322 liberati
1103 1256 1139 1322 et
1163 1250 1299 1339 siccati,
1326 1249 1364 1321 in

167 1371 295 1445 trustis
311 1375 435 1449 variae
451 1375 701 1467 longitudinis
711 1397 831 1448 unum
841 1375 889 1447 ad
900 1396 1018 1448 unum
1030 1382 1065 1448 et
1076 1376 1267 1450 dimidium
1279 1398 1363 1449 cen-

166 1498 357 1573 timetrum
377 1503 527 1591 crassis
550 1503 833 1594 subcylindricis
853 1507 917 1576 aut
933 1505 1066 1576 obtuse
1087 1504 1365 1595 quadrangulis,

170 1626 208 1699 in
228 1629 425 1721 superficie
447 1652 560 1722 saepe
590 1631 663 1703 late
684 1631 911 1718 subsulcata,
941 1630 1066 1703 albida
1092 1631 1152 1703 vel
1182 1631 1363 1705 subitare-

168 1761 295 1828 scente
329 1757 455 1848 parvis
486 1757 717 1829 cicatricibus
746 1757 965 1830 fibrillorum
1002 1757 1139 1830 radicis
1179 1759 1365 1832 subfuscis

168 1882 301 1955 obsitis
323 1888 360 1956 et
379 1885 609 1957 tenuissimis
629 1883 712 1956 libri
740 1885 938 1973 fasciculis,
964 1885 1208 1958 mundatione
1230 1885 1365 1958 radicis

168 2008 311 2097 solutis,
341 2011 647 2100 subtementosis,
677 2012 897 2084 insertione
925 2012 1087 2101 mitibus,
1114 2013 1297 2102 larinosis,
1327 2013 1363 2085 in

168 2136 328 2209 tractura
347 2137 701 2231 fibroso-granulata
726 2139 831 2226 albis
856 2139 984 2212 odoris
1005 2140 1137 2212 debilis
1156 2141 1366 2233 peculiaris,

169 2265 314 2357 saporis
335 2267 602 2358 mucilaginosi,
624 2266 855 2340 dulciusculi.

278 2393 320 2465 In
349 2395 512 2467 sectione
541 2399 757 2467 transversa
788 2393 881 2467 liber
914 2394 1176 2469 delicatissime
1210 2402 1246 2468 et
1276 2397 1364 2469 den-

170 2519 329 2609 sissime,
367 2521 511 2613 lignum
536 2523 702 2614 amplum
722 2521 884 2593 centrale
904 2522 966 2593 vix
987 2522 1178 2595 evidenter
1195 2523 1366 2596 radiatim

170 2648 352 2721 striatam.
411 2648 490 2743 Ope
528 2649 764 2742 microscopii
810 2649 849 2720 in
891 2650 1182 2744 parenchymate
1221 2651 1366 2724 corticis

169 2774 334 2868 lignique
355 2778 478 2869 amylo
499 2783 676 2867 scatente,
696 2777 844 2850 utriculi
864 2778 1148 2869 mucilaginiferi
1174 2779 1366 2851 numerosi

171 2903 410 2978 inveniuntur

277 3031 320 3103 In
354 3038 564 3106 mercatura
592 3033 752 3105 occurrit
784 3033 891 3105 radix
923 3035 1143 3126 plerumque
1178 3033 1300 3105 scissa
1328 3033 1367 3104 in

170 3158 339 3231 frustulis
367 3160 645 3249 subcuboideiS,
677 3160 891 3232 albissimis
914 3161 1012 3234 Cave
1042 3183 1089 3233 ne
1114 3161 1162 3232 sit
1182 3159 1366 3251 ejusmodi

171 3307 276 3359 merx
295 3291 442 3361 vetusta
462 3287 577 3360 calcio
604 3289 780 3361 sullurico
808 3294 895 3361 usto
924 3288 1108 3375 dealbata,
1133 3288 1235 3379 quod
1260 3288 1367 3361 facile

172 3414 470 3506 dignoscendum
495 3415 666 3489 examine
701 3416 898 3489 sedimenti
924 3417 1057 3489 mercis
1088 3437 1186 3507 aqua
1211 3415 1367 3488 lavatae.

281 3540 453 3638 Syrapua
474 3541 617 3637 Species.
640 3541 773 3638 Species
784 3543 984 3638 pectorales.

517 3864 693 3974 Radix
719 3864 1027 4007 Angelieae.
1108 3969 1110 3974 .

282 4088 534 4183 Arclaapeiica
563 4087 751 4184 ‹afficiualis
778 4089 1035 4177 Hoffmann,
1054 4090 1183 4181 planta
1210 4088 1368 4179 biennis

173 4218 211 4289 in
236 4217 442 4308 subalpinis
465 4218 672 4310 paludosis,
705 4219 890 4311 imprimis
918 4218 1087 4310 Europae
1114 4219 1273 4291 borealis
1295 4238 1369 4290 cre-

175 4365 297 4433 scenS,
332 4345 431 4436 apud
457 4366 527 4418 nos
561 4345 599 4418 in
619 4346 739 4419 hortis
772 4346 997 4419 rusticorum
1031 4367 1109 4417 non
1141 4366 1225 4418 raro
1260 4345 1369 4417 culta.

181 4470 325 4544 Umbelii
344 4496 431 4544 crea

283 4599 385 4671 Merx
419 4604 566 4673 constat
601 4621 646 4672 ex
681 4599 830 4674 caudice
851 4600 966 4690 brevi,
997 4602 1044 4673 ad
1067 4623 1135 4673 sex
1154 4599 1371 4674 centimetra

176 4749 315 4817 crasse,
337 4749 487 4800 sursum
506 4730 666 4802 tenuiter
686 4730 876 4822 denseque
897 4731 1075 4803 annulato
1096 4736 1132 4802 et
1151 4728 1371 4821 vaginarum
