<?xml version="1.0" encoding="UTF-8"?>
<!DOCTYPE html PUBLIC "-//W3C//DTD XHTML 1.0 Transitional//EN"
    "http://www.w3.org/TR/xhtml1/DTD/xhtml1-transitional.dtd">
<html xmlns="http://www.w3.org/1999/xhtml" xml:lang="en" lang="en">
 <head>
  <title>
</title>
<meta http-equiv="Content-Type" content="text/html;charset=utf-8" />
  <meta name='ocr-system' content='tesseract 3.04.00' />
  <meta name='ocr-capabilities' content='ocr_page ocr_carea ocr_par ocr_line ocrx_word'/>
</head>
<body>
  <div class='ocr_page' id='page_1' title='image "./pharmacopoeaaus02unkngoog_0118.png"; bbox 0 0 3500 5450; ppageno 0'>
   <div class='ocr_carea' id='block_1_1' title="bbox 942 547 1151 619">
    <p class='ocr_par' dir='ltr' id='par_1_1' title="bbox 942 547 1151 619">
     <span class='ocr_line' id='line_1_1' title="bbox 942 547 1151 619; baseline 0.01 -21"><span class='ocrx_word' id='word_1_1' title='bbox 942 547 1151 619; x_wconf 52' lang='grc'>-90-</span> 
     </span>
    </p>
   </div>
   <div class='ocr_carea' id='block_1_2' title="bbox 556 762 1332 839">
    <p class='ocr_par' dir='ltr' id='par_1_2' title="bbox 556 762 1332 839">
     <span class='ocr_line' id='line_1_2' title="bbox 556 762 1332 839; baseline 0.001 -4"><span class='ocrx_word' id='word_1_2' title='bbox 556 762 725 837; x_wconf 89' lang='lat' dir='ltr'>Residuo</span> <span class='ocrx_word' id='word_1_3' title='bbox 745 764 871 838; x_wconf 91' lang='lat' dir='ltr'>denuo</span> <span class='ocrx_word' id='word_1_4' title='bbox 892 764 1043 838; x_wconf 82' lang='lat' dir='ltr'>affunde</span> <span class='ocrx_word' id='word_1_5' title='bbox 1064 764 1265 839; x_wconf 83' lang='lat' dir='ltr'><strong>mixturam</strong></span> <span class='ocrx_word' id='word_1_6' title='bbox 1285 785 1332 837; x_wconf 84' lang='lat' dir='ltr'>ex</span> 
     </span>
    </p>
   </div>
   <div class='ocr_carea' id='block_1_3' title="bbox 584 889 751 969">
    <p class='ocr_par' dir='ltr' id='par_1_3' title="bbox 584 889 751 969">
     <span class='ocr_line' id='line_1_3' title="bbox 584 889 751 969; baseline 0 -2"><span class='ocrx_word' id='word_1_7' title='bbox 584 889 751 969; x_wconf 76' lang='lat' dir='ltr'>lotheris</span> 
     </span>
    </p>
   </div>
   <div class='ocr_carea' id='block_1_4' title="bbox 447 1025 1643 1228">
    <p class='ocr_par' dir='ltr' id='par_1_4' title="bbox 447 1025 1643 1228">
     <span class='ocr_line' id='line_1_4' title="bbox 447 1025 1643 1228; baseline 0.003 -27"><span class='ocrx_word' id='word_1_8' title='bbox 447 1025 483 1092; x_wconf 50' lang='lat' dir='ltr'>et</span> <span class='ocrx_word' id='word_1_9' title='bbox 520 1101 522 1108; x_wconf 42' lang='grc'>’</span> <span class='ocrx_word' id='word_1_10' title='bbox 586 1122 742 1228; x_wconf 74' lang='lat' dir='ltr'>Spiritus</span> <span class='ocrx_word' id='word_1_11' title='bbox 758 1097 835 1204; x_wconf 81' lang='lat' dir='ltr'>lm</span> <span class='ocrx_word' id='word_1_12' title='bbox 856 1127 1079 1206; x_wconf 73' lang='lat' dir='ltr'>corrontrnti</span> <span class='ocrx_word' id='word_1_13' title='bbox 1100 1128 1147 1200; x_wconf 71' lang='lat' dir='ltr'>a‘a</span> <span class='ocrx_word' id='word_1_14' title='bbox 1165 1130 1334 1225; x_wconf 67' lang='lat' dir='ltr'>qrarrznris</span> <span class='ocrx_word' id='word_1_15' title='bbox 1352 1129 1506 1202; x_wconf 77' lang='lat' dir='ltr'>ducentis</span> <span class='ocrx_word' id='word_1_16' title='bbox 1572 1131 1643 1205; x_wconf 69' lang='lat'>200</span> 
     </span>
    </p>
   </div>
   <div class='ocr_carea' id='block_1_5' title="bbox 371 1258 1643 1990">
    <p class='ocr_par' dir='ltr' id='par_1_5' title="bbox 371 1258 1643 1460">
     <span class='ocr_line' id='line_1_5' title="bbox 371 1258 1643 1352; baseline 0.002 -24"><span class='ocrx_word' id='word_1_17' title='bbox 371 1347 374 1352; x_wconf 46' lang='lat'><strong>‚</strong></span> <span class='ocrx_word' id='word_1_18' title='bbox 448 1261 630 1351; x_wconf 86' lang='lat' dir='ltr'>paratam,</span> <span class='ocrx_word' id='word_1_19' title='bbox 647 1258 820 1351; x_wconf 81' lang='lat' dir='ltr'>hancque</span> <span class='ocrx_word' id='word_1_20' title='bbox 832 1258 1087 1350; x_wconf 80' lang='lat' dir='ltr'>operationem</span> <span class='ocrx_word' id='word_1_21' title='bbox 1102 1264 1253 1351; x_wconf 89' lang='lat' dir='ltr'>repetas</span> <span class='ocrx_word' id='word_1_22' title='bbox 1269 1259 1388 1331; x_wconf 91' lang='lat' dir='ltr'>donec</span> <span class='ocrx_word' id='word_1_23' title='bbox 1402 1258 1528 1351; x_wconf 89' lang='lat' dir='ltr'>liquor</span> <span class='ocrx_word' id='word_1_24' title='bbox 1538 1260 1643 1350; x_wconf 89' lang='lat' dir='ltr'>plane</span> 
     </span>
     <span class='ocr_line' id='line_1_6' title="bbox 447 1386 823 1460; baseline 0.005 -3"><span class='ocrx_word' id='word_1_25' title='bbox 447 1386 597 1458; x_wconf 87' lang='lat' dir='ltr'>decolor</span> <span class='ocrx_word' id='word_1_26' title='bbox 617 1386 823 1460; x_wconf 79' lang='lat' dir='ltr'>defluxerit.</span> 
     </span>
    </p>

    <p class='ocr_par' dir='ltr' id='par_1_6' title="bbox 446 1511 1643 1861">
     <span class='ocr_line' id='line_1_7' title="bbox 556 1511 1643 1605; baseline 0.002 -21"><span class='ocrx_word' id='word_1_27' title='bbox 556 1513 588 1584; x_wconf 85' lang='lat' dir='ltr'><strong>A</strong></span> <span class='ocrx_word' id='word_1_28' title='bbox 607 1512 815 1605; x_wconf 85' lang='lat' dir='ltr'>liquoribus</span> <span class='ocrx_word' id='word_1_29' title='bbox 841 1512 1005 1586; x_wconf 89' lang='lat' dir='ltr'>obtentis</span> <span class='ocrx_word' id='word_1_30' title='bbox 1017 1519 1054 1585; x_wconf 94' lang='lat' dir='ltr'>et</span> <span class='ocrx_word' id='word_1_31' title='bbox 1063 1511 1161 1585; x_wconf 88' lang='lat' dir='ltr'>inter</span> <span class='ocrx_word' id='word_1_32' title='bbox 1175 1533 1216 1585; x_wconf 91' lang='lat' dir='ltr'>se</span> <span class='ocrx_word' id='word_1_33' title='bbox 1233 1512 1444 1586; x_wconf 86' lang='lat' dir='ltr'>commixtis</span> <span class='ocrx_word' id='word_1_34' title='bbox 1458 1513 1643 1586; x_wconf 81' lang='lat' dir='ltr'>aetherem</span> 
     </span>
     <span class='ocr_line' id='line_1_8' title="bbox 448 1638 1642 1732; baseline 0.003 -22"><span class='ocrx_word' id='word_1_35' title='bbox 448 1645 484 1712; x_wconf 89' lang='lat' dir='ltr'>et</span> <span class='ocrx_word' id='word_1_36' title='bbox 519 1638 693 1732; x_wconf 88' lang='lat' dir='ltr'>spiritum</span> <span class='ocrx_word' id='word_1_37' title='bbox 733 1639 809 1711; x_wconf 87' lang='lat' dir='ltr'>vini</span> <span class='ocrx_word' id='word_1_38' title='bbox 844 1639 1074 1713; x_wconf 89' lang='lat' dir='ltr'>destillando</span> <span class='ocrx_word' id='word_1_39' title='bbox 1107 1639 1283 1712; x_wconf 73' lang='lat' dir='ltr'>abstrahe</span> <span class='ocrx_word' id='word_1_40' title='bbox 1314 1644 1350 1712; x_wconf 91' lang='lat' dir='ltr'>et</span> <span class='ocrx_word' id='word_1_41' title='bbox 1383 1640 1579 1712; x_wconf 88' lang='lat' dir='ltr'>residuum</span> <span class='ocrx_word' id='word_1_42' title='bbox 1612 1641 1642 1714; x_wconf 91' lang='lat' dir='ltr'>in</span> 
     </span>
     <span class='ocr_line' id='line_1_9' title="bbox 446 1767 1341 1861; baseline 0 -21"><span class='ocrx_word' id='word_1_43' title='bbox 446 1767 581 1840; x_wconf 88' lang='lat' dir='ltr'>balneo</span> <span class='ocrx_word' id='word_1_44' title='bbox 602 1789 724 1860; x_wconf 86' lang='lat' dir='ltr'>aquae</span> <span class='ocrx_word' id='word_1_45' title='bbox 745 1767 783 1840; x_wconf 90' lang='lat' dir='ltr'>in</span> <span class='ocrx_word' id='word_1_46' title='bbox 806 1773 1016 1841; x_wconf 80' lang='lat' dir='ltr'>extractum</span> <span class='ocrx_word' id='word_1_47' title='bbox 1035 1774 1146 1842; x_wconf 92' lang='lat' dir='ltr'>tenue</span> <span class='ocrx_word' id='word_1_48' title='bbox 1165 1767 1341 1861; x_wconf 87' lang='lat' dir='ltr'>inspissa.</span> 
     </span>
    </p>

    <p class='ocr_par' dir='ltr' id='par_1_7' title="bbox 555 1896 1245 1990">
     <span class='ocr_line' id='line_1_10' title="bbox 555 1896 1245 1990; baseline 0.001 -23"><span class='ocrx_word' id='word_1_49' title='bbox 555 1896 652 1970; x_wconf 87' lang='lat' dir='ltr'>Ante</span> <span class='ocrx_word' id='word_1_50' title='bbox 672 1897 997 1990; x_wconf 86' lang='lat' dir='ltr'>dispensationem</span> <span class='ocrx_word' id='word_1_51' title='bbox 1018 1917 1245 1989; x_wconf 80' lang='lat' dir='ltr'>conquassa.</span> 
     </span>
    </p>
   </div>
   <div class='ocr_carea' id='block_1_6' title="bbox 474 2183 1629 2297">
    <p class='ocr_par' dir='ltr' id='par_1_8' title="bbox 474 2183 1629 2297">
     <span class='ocr_line' id='line_1_11' title="bbox 474 2183 1629 2297; baseline -0.002 -2"><span class='ocrx_word' id='word_1_52' title='bbox 474 2185 984 2297; x_wconf 65' lang='lat' dir='ltr'>meracium</span> <span class='ocrx_word' id='word_1_53' title='bbox 1019 2184 1309 2297; x_wconf 66' lang='lat' dir='ltr'>Feltria</span> <span class='ocrx_word' id='word_1_54' title='bbox 1344 2183 1629 2297; x_wconf 70' lang='lat' dir='ltr'>marte.</span> 
     </span>
    </p>
   </div>
   <div class='ocr_carea' id='block_1_7' title="bbox 447 2365 1645 3997">
    <p class='ocr_par' dir='ltr' id='par_1_9' title="bbox 447 2365 1644 3103">
     <span class='ocr_line' id='line_1_12' title="bbox 447 2365 1550 2465; baseline 0.004 -24"><span class='ocrx_word' id='word_1_55' title='bbox 447 2368 547 2461; x_wconf 89' lang='lat' dir='ltr'>Rpe:</span> <span class='ocrx_word' id='word_1_56' title='bbox 583 2366 726 2447; x_wconf 75' lang='lat' dir='ltr'>ilrdieis</span> <span class='ocrx_word' id='word_1_57' title='bbox 747 2365 866 2446; x_wconf 75' lang='lat' dir='ltr'>lilius</span> <span class='ocrx_word' id='word_1_58' title='bbox 886 2367 1550 2465; x_wconf 63' lang='lat' dir='ltr'>narisrooontismundatrnsioom</span> 
     </span>
     <span class='ocr_line' id='line_1_13' title="bbox 611 2496 1029 2599; baseline 0.01 -29"><span class='ocrx_word' id='word_1_59' title='bbox 611 2503 648 2574; x_wconf 81' lang='lat' dir='ltr'>et</span> <span class='ocrx_word' id='word_1_60' title='bbox 666 2519 794 2599; x_wconf 76' lang='lat' dir='ltr'>grosse</span> <span class='ocrx_word' id='word_1_61' title='bbox 814 2496 1029 2599; x_wconf 69' lang='lat' dir='ltr'>pulverum</span> 
     </span>
     <span class='ocr_line' id='line_1_14' title="bbox 993 2626 1644 2722; baseline -0.005 -25"><span class='ocrx_word' id='word_1_62' title='bbox 993 2633 1194 2722; x_wconf 69' lang='lat' dir='ltr'>qrorrnnata</span> <span class='ocrx_word' id='word_1_63' title='bbox 1213 2626 1359 2698; x_wconf 77' lang='lat' dir='ltr'>ducenta</span> <span class='ocrx_word' id='word_1_64' title='bbox 1573 2626 1644 2697; x_wconf 68' lang='grc'>000</span> 
     </span>
     <span class='ocr_line' id='line_1_15' title="bbox 556 2753 1491 2848; baseline 0 -22"><span class='ocrx_word' id='word_1_65' title='bbox 556 2753 685 2845; x_wconf 83' lang='lat' dir='ltr'>lugere</span> <span class='ocrx_word' id='word_1_66' title='bbox 706 2753 746 2826; x_wconf 90' lang='lat' dir='ltr'>in</span> <span class='ocrx_word' id='word_1_67' title='bbox 766 2761 990 2848; x_wconf 80' lang='lat' dir='ltr'>apparatum</span> <span class='ocrx_word' id='word_1_68' title='bbox 1010 2755 1265 2847; x_wconf 88' lang='lat' dir='ltr'>depulsorium</span> <span class='ocrx_word' id='word_1_69' title='bbox 1285 2760 1322 2829; x_wconf 93' lang='lat' dir='ltr'>et</span> <span class='ocrx_word' id='word_1_70' title='bbox 1341 2755 1491 2828; x_wconf 80' lang='lat' dir='ltr'>affunde</span> 
     </span>
     <span class='ocr_line' id='line_1_16' title="bbox 585 2878 1644 2980; baseline -0.004 -23"><span class='ocrx_word' id='word_1_71' title='bbox 585 2878 750 2957; x_wconf 69' lang='lat' dir='ltr'>holitoris</span> <span class='ocrx_word' id='word_1_72' title='bbox 994 2889 1197 2980; x_wconf 60' lang='lat' dir='ltr'>brommato</span> <span class='ocrx_word' id='word_1_73' title='bbox 1217 2881 1473 2978; x_wconf 65' lang='lat' dir='ltr'>quadromonte</span> <span class='ocrx_word' id='word_1_74' title='bbox 1569 2883 1644 2953; x_wconf 83' lang='grc'>400</span> 
     </span>
     <span class='ocr_line' id='line_1_17' title="bbox 448 3009 1582 3103; baseline 0.004 -22"><span class='ocrx_word' id='word_1_75' title='bbox 448 3014 631 3102; x_wconf 88' lang='lat' dir='ltr'>apparatu</span> <span class='ocrx_word' id='word_1_76' title='bbox 652 3009 780 3083; x_wconf 84' lang='lat' dir='ltr'>clauso</span> <span class='ocrx_word' id='word_1_77' title='bbox 801 3030 953 3083; x_wconf 84' lang='lat' dir='ltr'>macera</span> <span class='ocrx_word' id='word_1_78' title='bbox 972 3032 1040 3103; x_wconf 90' lang='lat' dir='ltr'>per</span> <span class='ocrx_word' id='word_1_79' title='bbox 1059 3011 1227 3085; x_wconf 87' lang='lat' dir='ltr'>biduum.</span> <span class='ocrx_word' id='word_1_80' title='bbox 1580 3024 1582 3035; x_wconf 82' lang='grc'><em>’</em></span> 
     </span>
    </p>

    <p class='ocr_par' dir='ltr' id='par_1_10' title="bbox 556 3118 1524 3230">
     <span class='ocr_line' id='line_1_18' title="bbox 556 3118 1524 3230; baseline 0 -21"><span class='ocrx_word' id='word_1_81' title='bbox 556 3136 715 3230; x_wconf 83' lang='lat' dir='ltr'>Liquere</span> <span class='ocrx_word' id='word_1_82' title='bbox 737 3121 886 3210; x_wconf 83' lang='lat' dir='ltr'>defluxo</span> <span class='ocrx_word' id='word_1_83' title='bbox 907 3138 1030 3212; x_wconf 89' lang='lat' dir='ltr'>denuo</span> <span class='ocrx_word' id='word_1_84' title='bbox 1050 3125 1201 3212; x_wconf 84' lang='lat' dir='ltr'>affunde</span> <span class='ocrx_word' id='word_1_85' title='bbox 1220 3138 1361 3212; x_wconf 84' lang='lat' dir='ltr'>iteratis</span> <span class='ocrx_word' id='word_1_86' title='bbox 1381 3118 1524 3210; x_wconf 81' lang='lat' dir='ltr'>vicibus</span> 
     </span>
    </p>

    <p class='ocr_par' dir='ltr' id='par_1_11' title="bbox 448 3263 1109 3486">
     <span class='ocr_line' id='line_1_19' title="bbox 544 3263 1088 3362; baseline -0.009 -21"><span class='ocrx_word' id='word_1_87' title='bbox 544 3308 546 3312; x_wconf 16' lang='grc' dir='ltr'><em>Α</em></span> <span class='ocrx_word' id='word_1_88' title='bbox 583 3263 749 3341; x_wconf 77' lang='lat' dir='ltr'>lotheris</span> <span class='ocrx_word' id='word_1_89' title='bbox 993 3289 1020 3338; x_wconf 81' lang='lat' dir='ltr'>s.</span> <span class='ocrx_word' id='word_1_90' title='bbox 1043 3290 1088 3362; x_wconf 84' lang='lat' dir='ltr'>q.‚</span> 
     </span>
     <span class='ocr_line' id='line_1_20' title="bbox 448 3391 1109 3486; baseline 0.005 -21"><span class='ocrx_word' id='word_1_91' title='bbox 448 3393 569 3466; x_wconf 85' lang='lat' dir='ltr'>donee</span> <span class='ocrx_word' id='word_1_92' title='bbox 587 3391 711 3486; x_wconf 91' lang='lat' dir='ltr'>liquor</span> <span class='ocrx_word' id='word_1_93' title='bbox 730 3394 883 3466; x_wconf 83' lang='lat' dir='ltr'>decolor</span> <span class='ocrx_word' id='word_1_94' title='bbox 903 3393 1109 3468; x_wconf 87' lang='lat' dir='ltr'>defluxerit.</span> 
     </span>
    </p>

    <p class='ocr_par' dir='ltr' id='par_1_12' title="bbox 448 3518 1645 3869">
     <span class='ocr_line' id='line_1_21' title="bbox 556 3518 1645 3613; baseline 0 -23"><span class='ocrx_word' id='word_1_95' title='bbox 556 3518 590 3590; x_wconf 85' lang='lat' dir='ltr'><strong>A</strong></span> <span class='ocrx_word' id='word_1_96' title='bbox 636 3520 844 3613; x_wconf 87' lang='lat' dir='ltr'>liquoribus</span> <span class='ocrx_word' id='word_1_97' title='bbox 893 3521 1103 3595; x_wconf 81' lang='lat' dir='ltr'>commixtis</span> <span class='ocrx_word' id='word_1_98' title='bbox 1147 3520 1339 3594; x_wconf 83' lang='lat' dir='ltr'>aetherem</span> <span class='ocrx_word' id='word_1_99' title='bbox 1397 3518 1645 3592; x_wconf 88' lang='lat' dir='ltr'>destillatione</span> 
     </span>
     <span class='ocr_line' id='line_1_22' title="bbox 449 3645 1645 3738; baseline -0.006 -15"><span class='ocrx_word' id='word_1_100' title='bbox 449 3647 627 3722; x_wconf 88' lang='lat' dir='ltr'>abstrahe</span> <span class='ocrx_word' id='word_1_101' title='bbox 648 3652 685 3720; x_wconf 90' lang='lat' dir='ltr'>et</span> <span class='ocrx_word' id='word_1_102' title='bbox 704 3647 901 3721; x_wconf 90' lang='lat' dir='ltr'>residuum</span> <span class='ocrx_word' id='word_1_103' title='bbox 922 3648 995 3720; x_wconf 90' lang='lat' dir='ltr'>leni</span> <span class='ocrx_word' id='word_1_104' title='bbox 1025 3649 1147 3721; x_wconf 86' lang='lat' dir='ltr'>calore</span> <span class='ocrx_word' id='word_1_105' title='bbox 1168 3648 1207 3719; x_wconf 93' lang='lat' dir='ltr'>in</span> <span class='ocrx_word' id='word_1_106' title='bbox 1227 3648 1364 3721; x_wconf 88' lang='lat' dir='ltr'>balneo</span> <span class='ocrx_word' id='word_1_107' title='bbox 1386 3667 1509 3738; x_wconf 88' lang='lat' dir='ltr'>aquae</span> <span class='ocrx_word' id='word_1_108' title='bbox 1529 3645 1570 3717; x_wconf 92' lang='lat' dir='ltr'>in</span> <span class='ocrx_word' id='word_1_109' title='bbox 1591 3666 1645 3717; x_wconf 84' lang='lat' dir='ltr'>ex·</span> 
     </span>
     <span class='ocr_line' id='line_1_23' title="bbox 448 3775 937 3869; baseline 0 -21"><span class='ocrx_word' id='word_1_110' title='bbox 448 3781 609 3849; x_wconf 86' lang='lat' dir='ltr'>tractum</span> <span class='ocrx_word' id='word_1_111' title='bbox 628 3780 740 3849; x_wconf 93' lang='lat' dir='ltr'>tenue</span> <span class='ocrx_word' id='word_1_112' title='bbox 760 3775 937 3869; x_wconf 91' lang='lat' dir='ltr'>inspissa.</span> 
     </span>
    </p>

    <p class='ocr_par' dir='ltr' id='par_1_13' title="bbox 556 3902 1217 3997">
     <span class='ocr_line' id='line_1_24' title="bbox 556 3902 1217 3997; baseline -0.002 -20"><span class='ocrx_word' id='word_1_113' title='bbox 556 3904 758 3978; x_wconf 81' lang='lat' dir='ltr'>Misceatur</span> <span class='ocrx_word' id='word_1_114' title='bbox 777 3910 864 3977; x_wconf 91' lang='lat' dir='ltr'>ante</span> <span class='ocrx_word' id='word_1_115' title='bbox 885 3902 1217 3997; x_wconf 87' lang='lat' dir='ltr'>dispensationem.</span> 
     </span>
    </p>
   </div>
   <div class='ocr_carea' id='block_1_8' title="bbox 712 4152 1372 4263">
    <p class='ocr_par' dir='ltr' id='par_1_14' title="bbox 712 4152 1372 4263">
     <span class='ocr_line' id='line_1_25' title="bbox 712 4152 1372 4263; baseline -0.003 -3"><span class='ocrx_word' id='word_1_116' title='bbox 712 4153 1026 4262; x_wconf 77' lang='lat' dir='ltr'>llxtrurtum</span> <span class='ocrx_word' id='word_1_117' title='bbox 1054 4152 1372 4263; x_wconf 78' lang='lat' dir='ltr'>Gentianae.</span> 
     </span>
    </p>
   </div>
   <div class='ocr_carea' id='block_1_9' title="bbox 448 4336 1646 4565">
    <p class='ocr_par' dir='ltr' id='par_1_15' title="bbox 448 4336 1646 4565">
     <span class='ocr_line' id='line_1_26' title="bbox 448 4336 1319 4431; baseline 0.006 -22"><span class='ocrx_word' id='word_1_118' title='bbox 448 4337 545 4431; x_wconf 85' lang='lat' dir='ltr'>Rpe:</span> <span class='ocrx_word' id='word_1_119' title='bbox 581 4336 727 4416; x_wconf 76' lang='lat' dir='ltr'>radius</span> <span class='ocrx_word' id='word_1_120' title='bbox 749 4337 945 4417; x_wconf 75' lang='lat' dir='ltr'>Gentianae</span> <span class='ocrx_word' id='word_1_121' title='bbox 967 4339 1129 4417; x_wconf 72' lang='lat' dir='ltr'>minutim</span> <span class='ocrx_word' id='word_1_122' title='bbox 1150 4338 1319 4416; x_wconf 77' lang='lat' dir='ltr'>oonoisae</span> 
     </span>
     <span class='ocr_line' id='line_1_27' title="bbox 995 4468 1646 4565; baseline -0.003 -24"><span class='ocrx_word' id='word_1_123' title='bbox 995 4474 1195 4565; x_wconf 65' lang='lat' dir='ltr'>qrammota</span> <span class='ocrx_word' id='word_1_124' title='bbox 1215 4468 1404 4564; x_wconf 71' lang='lat' dir='ltr'>quinqerrto</span> <span class='ocrx_word' id='word_1_125' title='bbox 1573 4468 1646 4541; x_wconf 83' lang='lat'>500</span> 
     </span>
    </p>
   </div>
   <div class='ocr_carea' id='block_1_10' title="bbox 584 4593 1110 4698">
    <p class='ocr_par' dir='ltr' id='par_1_16' title="bbox 584 4593 1110 4698">
     <span class='ocr_line' id='line_1_28' title="bbox 584 4593 1110 4698; baseline -0.006 -27"><span class='ocrx_word' id='word_1_126' title='bbox 584 4594 704 4696; x_wconf 71' lang='lat' dir='ltr'>liquo</span> <span class='ocrx_word' id='word_1_127' title='bbox 724 4594 933 4674; x_wconf 60' lang='lat' dir='ltr'>destillans</span> <span class='ocrx_word' id='word_1_128' title='bbox 955 4593 1110 4698; x_wconf 74' lang='lat' dir='ltr'>frigidae</span> 
     </span>
    </p>
   </div>
   <div class='ocr_carea' id='block_1_11' title="bbox 993 4722 1646 4818">
    <p class='ocr_par' dir='ltr' id='par_1_17' title="bbox 993 4722 1646 4818">
     <span class='ocr_line' id='line_1_29' title="bbox 993 4722 1646 4818; baseline -0.002 -24"><span class='ocrx_word' id='word_1_129' title='bbox 993 4729 1230 4818; x_wconf 71' lang='lat' dir='ltr'>qrammotum</span> <span class='ocrx_word' id='word_1_130' title='bbox 1251 4723 1324 4794; x_wconf 81' lang='lat' dir='ltr'>iria</span> <span class='ocrx_word' id='word_1_131' title='bbox 1345 4722 1468 4793; x_wconf 78' lang='lat' dir='ltr'>millio.</span> <span class='ocrx_word' id='word_1_132' title='bbox 1544 4724 1646 4795; x_wconf 88' lang='grc'><strong>3000</strong></span> 
     </span>
    </p>
   </div>
   <div class='ocr_carea' id='block_1_12' title="bbox 0 0 1756 5450">
    <p class='ocr_par' dir='ltr' id='par_1_18' title="bbox 0 0 1756 5450">
     <span class='ocr_line' id='line_1_30' title="bbox 0 0 1756 5450; baseline 0 0"><span class='ocrx_word' id='word_1_133' title='bbox 0 0 1756 5450; x_wconf 95' lang='lat' dir='ltr'> </span> 
     </span>
    </p>
   </div>
  </div>
 </body>
</html>
