3500 5450
685 579 921 656 -t35-

196 798 387 872 concisum
417 803 454 872 et
482 798 673 892 siccatum,
703 801 800 874 sistit
827 800 946 874 frusta
967 802 1187 893 plerumque
1207 800 1399 893 palmatim

196 933 260 1001 aut
270 928 455 1019 utrimque
469 950 629 1020 ramosa,
649 930 762 1000 ramis
773 928 948 1001 brevibus
964 928 1121 1019 obtusis
1138 928 1399 1001 subtuberosis

196 1060 260 1127 aut
296 1054 409 1147 paulo
446 1056 637 1146 productis
667 1062 703 1129 et
729 1077 905 1148 prorsum
934 1056 1105 1145 arcuatis,
1145 1056 1287 1128 circiter
1324 1056 1398 1128 duo

197 1182 414 1254 centimetra
446 1181 532 1274 lata,
571 1188 655 1256 octo
694 1184 743 1256 ad
782 1184 912 1256 decem
950 1183 1160 1256 millimetra
1194 1205 1336 1273 crassa,
1361 1184 1398 1255 in

196 1310 385 1399 superiore
402 1315 438 1380 et
451 1309 623 1382 inferiore
638 1316 744 1402 parte
758 1309 1003 1402 planiuscula,
1016 1308 1252 1401 decorticata,
1264 1309 1398 1381 coloris

196 1434 367 1528 plumbei,
387 1435 426 1508 in
444 1437 622 1510 lateribus
642 1438 888 1530 peridermate
909 1437 1044 1510 coloris
1064 1437 1246 1524 ocluacei,
1268 1460 1398 1529 grosse

195 1584 335 1653 rugoso
364 1563 518 1654 obtecta,
552 1568 704 1656 tenacia,
735 1566 826 1638 satis
856 1571 1059 1657 compacta,
1098 1565 1258 1637 fractura
1286 1567 1398 1657 paulo

195 1689 341 1778 fibrosa‚
380 1691 505 1763 odoris
544 1693 717 1785 specialis
755 1698 857 1783 grate
891 1692 1089 1782 aromatici,
1124 1693 1270 1784 saporis
1305 1694 1397 1765 acri·

197 1818 397 1890 aromatici.

303 1962 345 2033 ln
361 1964 526 2037 sectione
542 1969 768 2056 transversa,
781 1964 917 2036 coloris
933 1963 1047 2036 albidi
1062 1964 1122 2036 vel
1137 1964 1398 2055 albidugrisei,

195 2089 269 2162 tela
303 2090 485 2163 corticalis
520 2113 638 2183 aeque
673 2114 716 2164 ac
735 2113 824 2184 pars
855 2091 1039 2181 centralis,
1059 2092 1157 2164 intra
1176 2092 1314 2164 lincam
1335 2115 1396 2165 en·

197 2213 424 2288 dodermidis
458 2218 706 2309 tenerrimam,
749 2218 1015 2310 copiosissimis
1055 2220 1199 2292 cellulis
1238 2220 1398 2292 oleiferis

195 2344 312 2416 tuscis
333 2350 398 2416 aut
418 2346 556 2418 citrinis
576 2350 756 2439 punctata
776 2351 942 2437 apparet.

305 2490 412 2585 Aqua
432 2491 629 2562 aromatico
648 2490 853 2585 spirituum.
891 2490 1132 2563 Electuorlum
1154 2493 1398 2565 aromaticam.

551 3030 751 3140 llosina
775 3031 1041 3142 llammar.

303 3253 456 3351 dyadis
493 3254 738 3350 loraatbifolio
776 3255 1014 3348 Salisbury
1054 3261 1090 3329 et
1119 3257 1213 3329 aliae
1244 3258 1395 3330 arbores

192 3380 319 3455 Indiae
340 3382 541 3456 orientalis.
569 3381 761 3477 Coniferac.
785 3384 1034 3456 Aroucorieae.

304 3527 428 3601 Grana
446 3528 655 3618 rotundato,
682 3528 856 3619 oblonga,
887 3528 1104 3622 pyriformia
1120 3534 1185 3603 aut
1205 3531 1397 3603 stalactica

194 3659 259 3726 aut
286 3677 435 3728 massae
466 3656 652 3728 deformes
680 3656 803 3728 variae
832 3658 1114 3748 magnitudinis,
1145 3657 1279 3729 coloris
1309 3659 1395 3730 sub·

194 3781 325 3870 citrini,
362 3782 589 3875 pellucidae,
627 3783 788 3874 fragiles,
831 3784 870 3855 in
908 3785 1072 3858 fractura
1101 3785 1285 3858 conchata
1313 3786 1395 3857 vitri

194 3908 312 3982 instar
330 3911 500 3998 nitentes,
521 3911 626 3983 facile
645 3910 685 3982 in
704 3910 898 4003 pulverem
926 3912 1063 4003 album,
1085 3914 1209 3986 odoris
1233 3913 1310 3985 fere
1336 3934 1396 3985 ex-

194 4040 337 4127 pertem
375 4038 635 4126 conterendae,
673 4038 744 4110 sub
781 4038 905 4129 digitis
950 4040 1063 4131 paulo
1101 4041 1321 4132 glutinosae,
1360 4042 1397 4112 in

195 4164 354 4256 aethere,
375 4165 639 4238 chloroformio
651 4171 687 4239 et
698 4166 887 4238 carboneo
900 4167 1082 4239 sulfurato
1094 4168 1255 4260 copiose,
1270 4169 1395 4241 minus

194 4291 233 4362 in
262 4291 394 4384 spiritu
428 4292 504 4364 vini
534 4293 731 4383 solubiles,
775 4293 1024 4366 solutionibus
1045 4291 1251 4368 admodum
1289 4296 1395 4387 gluti-

195 4419 381 4492 nantibus.

302 4563 545 4659 Emplastrmn
565 4562 788 4636 adhaeslmuu
