3500 5450
666 564 908 638 -181-

210 778 742 914 Morpmrmm
778 782 1366 916 'andrachlen-

676 971 885 1054 cum.

291 1164 463 1256 Crystalli
484 1164 700 1253 aciculareS,
713 1169 860 1254 tenueS,
883 1166 1025 1238 sericeo
1037 1165 1210 1257 nitentes,
1232 1168 1381 1261 saporis

180 1291 380 1383 peramari,
392 1292 562 1366 chartam
578 1292 866 1384 exploratoriam
881 1313 959 1364 non
975 1298 1173 1383 mutantem,
1188 1296 1385 1369 solvuntur

182 1419 220 1491 in
268 1420 437 1512 partibus
476 1419 619 1493 circiter
657 1418 708 1490 10
748 1440 869 1511 aquae
913 1419 1079 1512 frigidae,
1122 1420 1161 1491 iu
1191 1423 1272 1514 pari
1309 1424 1384 1495 fere

182 1547 350 1639 pondere
398 1545 599 1635 bullientiS,
647 1546 832 1619 difficilius
878 1546 917 1618 iu
965 1547 1095 1639 spiritu
1142 1548 1230 1621 vini.
1269 1548 1383 1621 Ferro

181 1673 480 1766 sesquiohlorato
520 1675 645 1748 soluto
683 1674 920 1747 humectatae
959 1675 1123 1748 colorem
1171 1677 1383 1750 caeruleum

181 1800 353 1891 induunt,
373 1802 480 1875 acido
499 1801 631 1875 uitrico
649 1800 866 1872 rubescunt.

291 1923 437 2002 Solutio
458 1950 613 2022 aquosa,
643 1926 836 2000 ammonia
863 1928 924 2001 vel
951 1929 1072 2001 nutrio
1098 1929 1384 2021 hydrooxydato

184 2057 309 2129 soluto
330 2055 471 2146 addito,
491 2053 778 2149 praecipitatum
806 2054 935 2127 album
963 2055 1125 2148 deponit,
1156 2057 1256 2148 quod
1281 2078 1384 2131 exce-

183 2183 292 2256 dente
326 2183 518 2256 ammonia
545 2203 623 2255 non
652 2181 865 2274 conspicue,
894 2181 1000 2254 facile
1031 2188 1067 2255 et
1094 2182 1243 2275 penitus
1261 2184 1384 2257 natrio

181 2306 469 2403 hydrooxydato
489 2310 613 2383 soluto
634 2309 801 2398 solvitur,
823 2308 860 2380 in
881 2308 1030 2381 aethere
1049 2309 1112 2381 vix
1132 2310 1291 2383 solubile
1312 2316 1382 2382 est.

290 2436 531 2530 Morphiuum
544 2436 883 2529 hydrochloricum,
903 2434 1010 2509 acido
1027 2436 1206 2509 sulfurico
1223 2457 1383 2509 concen-

182 2570 279 2639 trato
299 2566 476 2653 solutum,
495 2564 680 2656 liquorem
699 2563 833 2637 coloris
854 2567 1044 2654 expertem
1062 2564 1249 2655 praebeat.

291 2691 454 2785 Ignitum
474 2713 520 2765 ex
539 2691 683 2785 integro
704 2691 859 2764 combur
883 2694 909 2763 t.

483 3011 757 3156 lllucilugo
784 3010 1072 3154 cydoniae.

184 3234 287 3329 Rpe:
322 3229 474 3311 Seminis
494 3234 672 3337 Gyllnloo
727 3258 891 3334 yrumma
910 3258 1019 3305 unum
1364 3239 1380 3309 1

321 3360 442 3461 liquo
462 3360 669 3441 destillant
729 3368 932 3460 yrummota
951 3360 1080 3457 viginti
1099 3362 1262 3458 quinque.
1334 3365 1383 3437 25

295 3488 523 3584 Conquassa
540 3491 580 3564 in
598 3491 735 3583 lagena
753 3490 871 3563 vitrea
891 3493 928 3563 et
947 3489 1042 3561 cola.

293 3616 449 3690 Paretur
468 3638 513 3689 ex
531 3622 710 3709 tempore.

384 3938 658 4083 Muoilogo
685 3937 891 4049 Gummi
914 3937 1163 4046 Aoucioe.

499 4166 696 4272 Muoilago
721 4165 885 4246 Gummi
908 4167 1070 4245 arabici.

185 4361 287 4456 Rpe:
324 4359 461 4438 (innui
481 4358 631 4438 Accolae
650 4358 831 4461 pulverati
848 4367 1051 4457 qronemotc
1070 4359 1207 4457 ciqinti.
1333 4361 1384 4433 io

294 4489 404 4562 Solve
424 4491 567 4563 sensim
587 4487 816 4563 effundendo
836 4487 876 4560 iu

321 4613 443 4716 lique
464 4612 674 4693 destillatio
846 4615 1016 4711 oraminis
1034 4613 1276 4710 quadruyiuto
1331 4615 1384 4686 40

186 4749 223 4818 et
240 4743 449 4817 triturando
470 4743 507 4814 in
527 4741 791 4835 mucilaginem
809 4741 946 4833 redige,
961 4762 1077 4834 quam
1092 4741 1250 4814 colatum
1266 4762 1385 4814 serva.
