3500 5450
654 600 896 674 -259-

289 816 401 890 Gutta
427 816 625 889 solutionis
655 816 782 890 acidae
811 817 849 889 in
866 792 1018 891 'lamina
1046 819 1211 912 platinea
1231 820 1380 908 stillata,

179 944 326 1035 adjecto
352 945 509 1036 granulo
534 945 629 1018 zinci
652 944 829 1017 metallici
852 945 950 1018 hanc
979 947 1127 1020 macula
1154 947 1261 1039 nigra
1286 938 1378 1020 anti·¹

177 1071 304 1145 monio
323 1071 479 1145 reducto
499 1072 694 1145 efformata
713 1071 876 1144 obducit.

251 1360 849 1497 Simohntnwm
883 1359 1306 1472 utmorem.

286 1580 461 1672 Crystalli
481 1581 637 1674 gracias,
658 1581 776 1671 albae,
797 1582 941 1655 sericeo
958 1582 1210 1675 splendentes
1231 1584 1380 1675 saporis

176 1709 412 1797 amarissimi,
430 1709 470 1781 in
490 1731 588 1801 aqua
608 1714 645 1782 et
673 1709 806 1802 spiritu
826 1709 903 1782 vini
923 1709 1092 1783 bullienti
1112 1709 1231 1799 facilc,
1253 1710 1380 1782 diffici-

176 1838 248 1911 lius
267 1838 306 1910 in
325 1858 424 1929 aqua
444 1841 481 1909 et
509 1836 641 1929 spiritu
660 1837 736 1909 vini
755 1837 899 1929 frigido,
927 1859 998 1910 nec
1027 1860 1103 1910 non
1123 1838 1162 1910 in
1190 1838 1380 1930 glycerino

176 1964 366 2039 solubiles.
408 1963 551 2037 Solutio
586 1986 732 2056 aquosa
769 1964 940 2038 chartam
978 1965 1265 2058 exploratoriam
1303 1987 1380 2038 non

177 2098 307 2183 mutat,
346 2090 473 2166 addito
501 2091 600 2164 kalio
629 2092 913 2184 hydrooxydato
943 2093 1067 2166 soluto
1096 2093 1380 2186 praecipitatum
1494 2142 1497 2146 »

175 2223 311 2313 album,
346 2221 676 2313 superabundante
729 2226 906 2313 reagente
953 2221 1163 2310 insolubile,
1212 2221 1376 2313 deponit·

175 2348 382 2442 Crystallus
404 2348 617 2440 Strychnini
643 2349 776 2441 uitrici,
805 2349 844 2422 in
873 2349 1022 2423 acidum
1049 2349 1380 2441 hydrochloricum

176 2476 360 2550 ebulliens
389 2476 577 2567 immersa,
611 2476 699 2549 huic
733 2478 896 2549 colorem
925 2478 1078 2550 rubrum
1112 2478 1254 2564 tribuit;
1294 2500 1379 2550 cum

175 2606 281 2695 acido
293 2603 471 2676 sulfurico
484 2608 722 2676 concontrato
739 2604 966 2677 solutionem
983 2606 1194 2678 decolorem
1208 2606 1376 2699 praebet;
1495 2699 1497 2702 Α

175 2753 260 2806 cum
293 2731 400 2804 acido
430 2732 561 2804 nitrico
583 2731 740 2804 contrita
768 2732 932 2805 colorem
960 2734 1182 2822 subilavum,
1211 2757 1257 2807 ne
1287 2756 1374 2807 vero

173 2861 327 2934 rubrum
346 2859 529 2932 exhibeat.
563 2935 567 2948 ,

286 2986 429 3059 Solutio
454 3007 600 3078 aquosa
628 2992 877 3078 concentrata,
907 2987 1034 3060 addito
1063 2987 1161 3061 latio
1191 2988 1378 3062 chromico

175 3115 310 3206 solui0,
329 3113 614 3206 praecipitatum
634 3115 793 3187 demittit
811 3115 925 3187 rubro
950 3115 1089 3187 flavum
1111 3115 1377 3207 crystallinum,

176 3243 279 3335 quod
307 3241 414 3315 acido
444 3241 621 3315 sullurico
648 3246 886 3315 concentrato
916 3240 1182 3331 humectatum,
1212 3243 1376 3316 colorem

176 3370 391 3444 caeruleum
410 3369 458 3441 ad
477 3370 685 3443 violaceum
706 3369 818 3442 ducit.
986 3354 988 3356 ¹

285 3496 444 3590 Ignitum
464 3496 652 3588 deflagret,
674 3497 766 3569 nibil
785 3497 924 3569 residui
942 3497 1168 3588 relinquens

408 3828 414 3841 ·
543 3783 741 3922 Styrax
767 3782 1023 3924 liquidus·

288 4006 550 4102 [siquidumbur
568 4006 749 4080 orientalia
768 4007 925 4097 Miller,
947 4008 1060 4080 arbor
1079 4008 1191 4080 Asiae
1212 4008 1378 4081 minoris

177 4132 477 4208 Hamamettdeae.

285 4263 513 4351 Balsamum,
553 4285 572 4335 e
603 4264 739 4336 cortice
767 4268 1043 4355 praeparatum,
1083 4263 1182 4335 sistit
1210 4285 1379 4336 massam

178 4390 507 4481 tenaci-liquidam,
523 4391 758 4482 glutinosam,
770 4390 808 4461 in
823 4411 923 4481 aqua
938 4390 1218 4483 demergentem
1240 4395 1277 4463 et
1296 4413 1380 4464 cum

178 4517 344 4611 pauxillo
374 4539 494 4609 aquae
532 4519 765 4611 permixtam,
801 4517 998 4606 turbidam,
1039 4519 1174 4592 coloris
1204 4540 1224 4591 e
1257 4520 1379 4610 griseo

179 4644 438 4733 luscescentiS,
450 4645 577 4718 odoris
589 4645 1169 4739 peculiaris,fragrantissaporis
1180 4646 1380 4733 aromatici,

180 4772 506 4844 subamaricantis.
581 4777 584 4783 '

1111 4911 1161 4965 17³³*
