3500 5450
893 553 1129 629 -eacfi

514 772 696 848 Radicem
714 772 811 847 Rhci
830 777 867 847 in
884 776 1033 866 Europa
1049 776 1194 865 cultam,
1214 775 1253 846 in
1270 776 1464 865 segmento
1484 777 1605 845 traus-

405 924 514 974 verso
535 908 600 973 ant
613 904 724 995 plane
744 924 865 995 usque
882 902 930 974 ad
946 908 1117 974 centrum
1131 901 1246 973 radiis
1261 900 1383 992 rectis
1398 901 1605 973 alternatim

406 1028 529 1100 rubris
550 1033 586 1100 et
605 1029 698 1102 albis
717 1030 952 1120 instructam,
973 1033 1038 1102 aut
1057 1029 1294 1101 solummodo
1324 1027 1361 1100 in
1390 1029 1529 1100 ambitu
1548 1050 1604 1100 ra·

406 1154 534 1227 diatim
548 1155 732 1247 lineatam,
748 1156 797 1228 ad
814 1161 984 1228 centrum
998 1176 1133 1227 versus
1149 1156 1251 1227 albo·
1269 1159 1305 1227 ct
1318 1156 1604 1248 rubro-puncta-

406 1286 494 1371 tum,
514 1281 642 1372 liguris
662 1282 817 1355 radiatis
838 1282 979 1368 orbam,
1000 1282 1176 1353 adhihere
1196 1303 1273 1352 non
1292 1280 1388 1353 licet.

513 1406 733 1481 instructum.
755 1409 928 1506 Syrnpus.
954 1409 1122 1480 Tinctum
1143 1432 1276 1503 aquoso
1295 1415 1326 1479 el
1345 1410 1477 1480 niuoso.

722 1699 725 1703 .
818 1749 994 1858 llarlir
1020 1748 1199 1893 Salcp.

851 1980 1011 2057 Tubera
1035 1978 1164 2081 Salep.

513 2176 664 2268 Species
682 2176 850 2248 diversae
867 2196 1045 2265 generum
1063 2173 1368 2267 Orcliducecrum,
1388 2179 1444 2246 ut:
1472 2173 1603 2266 (tralato,

410 2301 557 2397 OplryS,
579 2301 823 2391 Plutuntlicru,
851 2301 1106 2395 Gpmoudcnio.

512 2429 663 2502 Tubero
673 2428 922 2521 aquafervida
932 2433 1099 2517 tractata,
1112 2434 1193 2501 tum
1204 2429 1352 2515 siccata,
1364 2427 1604 2519 subglobosa

405 2554 1604 2647 oraliaovataautohlongaintegraautcariuspalmatimpartita

403 2707 521 2760 unum
540 2685 588 2758 ad
606 2684 678 2757 tria
697 2688 733 2757 et
754 2683 945 2755 dimidium
965 2683 1182 2756 centimetra
1206 2684 1325 2775 longa,
1355 2683 1437 2756 basi
1457 2705 1602 2775 gemma

403 2814 581 2887 caulinari
614 2812 834 2900 umbilieata„
873 2812 1094 2903 plerumque
1127 2812 1213 2903 plus
1247 2813 1371 2884 minus
1397 2818 1602 2903 corrugata,

403 2941 597 3033 superficie
626 2938 876 3030 irregulariter
907 2938 1057 3027 sulcata,
1087 2937 1269 3011 lacunosa
1289 2945 1324 3010 et
1344 2939 1489 3030 passim
1516 2940 1598 3012 reti·

403 3068 693 3158 colato-rugosa,
744 3087 845 3138 nunc
888 3064 1089 3154 sublaevia
1128 3087 1229 3138 nunc
1266 3066 1422 3158 paulum
1460 3089 1598 3158 aspera,

403 3195 537 3267 coloris
553 3194 863 3285 subfusco-grisei
878 3199 943 3264 aut
962 3193 1308 3284 albo-llarescerrtiS,
1329 3195 1494 3286 margine
1513 3196 1599 3267 sub-

401 3322 595 3413 pellucida
623 3322 844 3413 ponderosa
875 3321 1094 3411 subcornea„
1123 3322 1286 3411 inodora
1316 3322 1425 3395 valde
1451 3322 1598 3394 mucila-

403 3449 544 3539 ginosa.

511 3575 756 3668 Microscopio
786 3576 980 3668 explorata
1000 3576 1145 3649 excellit
1164 3576 1270 3649 radix
1291 3576 1401 3669 Salep
1422 3576 1598 3669 imprimis

401 3704 567 3777 utriculis
578 3703 788 3776 numerosis
799 3703 1002 3793 grandibus
1020 3704 1241 3796 mucilagine
1257 3704 1408 3796 repletis
1424 3705 1597 3797 inparen·

402 3833 574 3923 chymate
595 3833 717 3924 amylo
743 3833 829 3903 leto,

509 3959 709 4032 Pulverata
738 3959 852 4048 radix,
884 3959 1050 4051 partibus
1080 3960 1131 4032 50
1154 3981 1273 4051 aquae
1304 3964 1420 4049 cocta,
1450 3959 1597 4030 mucila-

401 4088 525 4179 ginem
547 4094 635 4179 post
656 4086 975 4178 refrigerationem
1000 4089 1093 4159 satis
1123 4088 1288 4178 spissam
1315 4088 1480 4179 praebet,
1508 4108 1599 4178 quae

400 4215 527 4288 addita
547 4215 731 4287 solutione
748 4214 828 4306 jodi
854 4213 1019 4285 colorem
1038 4214 1255 4287 caeruleum
1274 4214 1396 4287 trahit.

510 4343 674 4416 Carene
695 4344 828 4415 tubera
849 4342 1010 4415 Colchici
1041 4342 1269 4414 autumnalis
1290 4341 1502 4414 interm‘nrta
1519 4344 1597 4432 sint
1736 4365 1737 4394 ³

401 4471 656 4563 dignoscenda
675 4473 872 4564 praecipue
890 4471 997 4544 sulco
1018 4469 1278 4562 longitudinali
1301 4470 1338 4542 in
1360 4475 1464 4562 parte
1479 4470 1598 4543 minus
1736 4555 1737 4562 ἵ

401 4621 568 4673 convexa
586 4606 651 4672 aut
669 4601 790 4692 plana,
821 4600 984 4691 granulis
1005 4598 1117 4689 amyli
1146 4598 1364 4689 regulariter
1384 4598 1598 4690 compositis

400 4734 436 4802 et
456 4728 601 4802 delectu
620 4727 865 4800 utriculorum
885 4725 1149 4818 mucilaginem
1170 4726 1391 4816 gerentium.
