3500 5450
673 562 914 636 -167-

189 781 283 854 facie
312 781 447 873 glaber,
489 781 657 873 margine
691 782 1019 871 dentato-ciliatus
1054 780 1188 853 coloris
1221 777 1387 869 olivaoei,

190 909 357 982 subfusci
377 912 443 981 aut
462 908 634 997 castanei,
655 909 797 1001 passim
817 908 1035 1000 albo-grisei
1061 912 1097 981 et
1116 908 1163 980 ad
1182 907 1306 980 basim
1326 929 1386 979 ca-

189 1036 431 1109 naliculatam
450 1040 492 1109 ut
509 1036 712 1129 plurimum
723 1034 859 1108 coloris
871 1035 945 1108 albi
958 1039 994 1108 et
1004 1034 1209 1127 sanguinei,
1229 1035 1269 1107 in
1287 1039 1388 1107 statu

191 1164 291 1237 sicco
321 1163 598 1255 cartilaginem,
628 1163 786 1255 rigidus²
815 1167 1003 1255 strepens,
1032 1162 1072 1235 in
1102 1167 1204 1236 statu
1232 1161 1388 1235 humido

191 1312 391 1364 coriaceus.

298 1437 538 1511 Membranae
590 1436 817 1529 hypharum,
867 1435 1029 1509 thallum
1083 1434 1389 1508 constituentium

191 1564 315 1636 addita
338 1563 525 1637 solutione
541 1563 622 1655 jodi
642 1585 797 1656 aquosa,
815 1563 981 1636 colorem
997 1561 1211 1635 caeruleum
1226 1561 1389 1634 trahunt.

191 1691 285 1764 Cum
315 1713 415 1784 aqua
449 1695 587 1780 coctus
621 1690 762 1764 Liehen
799 1689 1011 1763 Islandieus
1049 1690 1234 1782 liquorem
1272 1688 1388 1761 muci·

189 1818 402 1909 laginosum
430 1839 669 1911 peramarum
697 1818 868 1911 praebet,
908 1816 972 1910 qui
1002 1815 1096 1889 satis
1126 1820 1390 1889 concentratus

189 1951 278 2039 post
295 1945 613 2038 refrigerationem
633 1944 672 2018 in
691 1945 895 2037 gelatinam
914 1944 1013 2018 coit'

300 2090 355 2163 Sit
391 2111 497 2163 merx
531 2111 554 2161 a
587 2089 800 2182 quisquiliis
829 2094 895 2162 aut
923 2109 1141 2161 musceium
1174 2087 1391 2180 fragmentis

191 2216 367 2289 admixtis
386 2216 580 2289 liberatus.

536 2666 763 2811 lignum
792 2663 1036 2806 dnajaci.

307 2891 504 2984 Gqu'ocum
547 2889 720 2989 officinalc
765 2890 937 2979 Linu,
987 2890 1099 2963 arbor
1141 2889 1180 2961 in
1223 2887 1398 2960 America

193 3019 347 3112 tropica,
367 3018 551 3112 imprimis
568 3019 607 3091 in
623 3018 758 3091 insulis
773 3017 977 3092 Autillanis
998 3035 1183 3091 crescens
1205 3014 1399 3113 Zygoplyl·

194 3146 319 3218 taceae.

302 3290 717 3383 Lignumeompactum‚
727 3288 837 3360 valde
845 3288 1104 3380 ponderosum
1113 3286 1397 3379 etdurum,irre-

193 3417 429 3509 gularissime
445 3415 573 3505 fissile,
589 3415 730 3490 occurit
744 3415 783 3488 in
800 3414 1006 3506 segmentis
1023 3415 1145 3488 trunci
1156 3419 1193 3489 et
1202 3435 1395 3487 ramorum

193 3544 354 3637 magnis
375 3543 511 3618 cortice
532 3542 729 3633 destitutis,
751 3542 909 3616 alburno
929 3541 1067 3635 pallide
1087 3543 1268 3631 subflavo,
1285 3541 1395 3614 duran

193 3672 295 3744 mine
327 3671 675 3759 fusco-virescente,
701 3669 886 3760 resinos0‚
911 3669 951 3741 in
987 3670 1153 3744 sectione
1179 3675 1397 3742 transversa

195 3800 300 3873 zonis
325 3797 655 3889 subconcontriciS,
690 3819 757 3891 per
787 3797 888 3870 vices
923 3797 1058 3870 coloris
1092 3796 1327 3871 saturatioris
1361 3802 1395 3868 et

194 3925 391 4015 dilutioris,
423 3924 612 4019 punctatis
639 3924 823 4018 aperturis
853 3945 1040 4011 vasorum,
1070 3945 1198 3997 massa
1226 3923 1396 3997 resinosa

194 4053 357 4146 impletis
368 4050 755 4144 solitariisradiisque
766 4050 1036 4124 medullarihus
1047 4051 1143 4125 inter
1152 4050 1394 4144 seproximiS‚

196 4179 462 4254 subtilissimis.
500 4179 729 4253 Calefaetum
767 4178 928 4271 Lignum
963 4177 1119 4269 Guajaei
1147 4179 1305 4252 odorem
1338 4199 1394 4250 re·

194 4308 300 4382 sinae
319 4308 489 4381 Benzods
508 4307 660 4401 spargit.

304 4452 455 4525 Rasura
474 4449 618 4524 venalis
643 4472 691 4524 ne
710 4450 760 4524 sit
779 4449 897 4523 mixta
915 4449 1086 4523 frustulis
1116 4450 1252 4523 albidis
1278 4472 1324 4523 ex
1345 4450 1396 4522 al·

194 4581 316 4654 burno
335 4578 395 4652 vel
415 4599 434 4651 e
454 4578 566 4671 lignis
587 4578 720 4652 alienis
741 4577 1014 4652 derivantibus

306 4721 441 4819 Species
460 4721 666 4821 Lignorum.
