3500 5450
923 559 1137 632 „pp-

434 774 509 847 6a0
556 777 748 865 ebulliens,
786 777 825 849 in
868 800 969 871 aqua
1009 779 1243 871 perpaulum,
1291 778 1329 849 in
1367 777 1504 870 spiritu
1548 775 1640 864 vini,

434 878 585 976 aethere
606 909 642 977 et
662 905 753 978 oleis
772 905 975 998 pinguibus
995 906 1100 979 facile
1117 905 1300 978 solubilis.

542 1029 857 1106 Chlorolormium
885 1033 924 1105 in
952 1033 1044 1107 tubo
1073 1031 1291 1125 probatorio
1325 1053 1412 1105 cum
1445 1032 1639 1105 solutione

433 1159 638 1250 spirituosa
665 1159 751 1232 kalii
779 1160 1053 1252 hydrooxydati
1088 1166 1125 1233 et
1159 1158 1300 1232 anilino
1329 1159 1508 1233 sulfurico
1540 1160 1639 1232 cale·

432 1287 573 1358 lactum
602 1286 757 1359 odorem
785 1292 1046 1380 penetrantem
1075 1292 1112 1360 et
1140 1287 1451 1360 insuavissimum
1482 1288 1636 1362 excitat.

541 1413 855 1487 Chlcroformium
875 1436 895 1486 e
915 1414 1042 1507 palma
1060 1436 1198 1487 manus
1220 1415 1388 1487 celeriter
1407 1415 1543 1504 avolet,
1563 1435 1637 1487 nec

432 1541 589 1614 odorem
622 1542 787 1614 animam
819 1541 1140 1631 intercludentem,
1179 1541 1238 1616 vel
1272 1542 1638 1634 empyreumaticum

432 1669 492 1741 vel
521 1668 750 1741 sermentolei
774 1668 933 1741 similem
957 1669 1160 1761 relinquat;
1182 1690 1268 1741 cum
1288 1668 1425 1761 duplici
1441 1670 1637 1742 volumine

433 1816 553 1888 aquae
583 1794 790 1868 destillatae
817 1800 1130 1888 conquassatum,
1166 1817 1266 1888 aqua
1298 1818 1368 1868 nec
1405 1796 1638 1869 solutionem

430 1923 556 1996 laccae
582 1922 702 1995 musci
721 1924 937 2012 rubelaciat,
971 1944 1041 1996 nec
1075 1923 1305 1996 solutionem
1338 1925 1482 2016 argenti
1511 1924 1636 1996 nitrici

432 2050 567 2123 turbet.
604 2050 698 2123 Cum
730 2050 918 2124 solutione
956 2072 1104 2142 aquosa
1136 2050 1223 2123 kalii
1253 2050 1374 2142 jodat'r
1407 2056 1638 2144 quassatum

433 2178 596 2252 colorem
630 2178 839 2250 violaceum
866 2200 914 2250 ne
947 2177 1099 2255 induat:
1138 2200 1224 2251 cum
1258 2178 1406 2270 aequali
1439 2179 1638 2252 volumine

433 2304 530 2378 acidi
567 2305 732 2377 sulfurici
775 2306 1004 2379 couceutrati
1042 2306 1078 2377 in
1119 2306 1211 2378 tubo
1255 2305 1470 2397 probatorio
1513 2308 1639 2400 probe

433 2433 574 2505 siccato
603 2438 903 2526 conquassatum
932 2434 1032 2505 intra
1064 2454 1180 2505 unam
1208 2433 1343 2506 horam
1374 2433 1525 2507 decolor
1554 2457 1641 2528 per-

432 2564 594 2632 maneat.

543 2687 719 2761 Servetur
744 2688 783 2761 in
808 2688 944 2780 lagena
969 2689 1108 2782 optime
1135 2689 1265 2762 clausa
1286 2710 1309 2761 a
1327 2689 1410 2762 luce
1431 2695 1642 2779 remotum,

540 2940 987 3054 Caeninum
1023 2944 1523 3076 andrachle·

886 3105 1184 3217 rictam.

541 3325 670 3398 Pulvis
705 3326 945 3418 crystallinus
976 3327 1097 3417 albus,
1127 3328 1187 3400 vel
1218 3327 1381 3419 crystalli
1411 3325 1643 3414 aciculares,

433 3453 637 3543 decolores
666 3455 819 3548 saporis
848 3455 1050 3543 subamari,
1078 3454 1323 3528 indolentiam
1351 3453 1499 3546 linguae
1528 3454 1645 3526 brevi

434 3586 601 3673 tempore
629 3582 892 3674 persistentem
932 3581 1086 3670 cientes,
1125 3581 1164 3654 in
1207 3603 1317 3674 aqua,
1367 3581 1499 3674 spiritu
1548 3580 1644 3669 vini,

436 3708 585 3782 aethere
605 3713 642 3779 et
660 3708 924 3782 chloroformio
954 3710 1061 3782 lacile
1086 3709 1279 3799 solubiles
1312 3708 1514 3782 reactiouis
1544 3730 1645 3781 neu-

394 3895 396 3899 4
433 3837 539 3909 tuus.

544 3962 859 4056 Centigrammata
893 3965 1068 4058 quinque,
1101 3966 1141 4037 in
1173 3966 1263 4038 tubo
1292 3964 1510 4058 probatorio
1550 3985 1646 4036 cum

436 4090 650 4164 centimetro
672 4092 801 4164 cubico
826 4111 904 4165 uno
930 4092 1026 4165 acidi
1045 4092 1209 4164 sull'urici
1238 4097 1476 4165 concentrato
1506 4091 1645 4176 mixta,

436 4219 516 4290 sine
537 4219 613 4291 ullo
629 4218 751 4290 colore
767 4220 981 4306 solvantur;
1002 4221 1124 4312 liquor
1138 4241 1206 4312 per
1223 4220 1317 4292 duas
1331 4225 1453 4292 tresve
1468 4219 1646 4292 minutas

436 4346 485 4418 ad
504 4351 795 4439 temperaturam
819 4347 1055 4419 1110-1500
1080 4348 1302 4420 fervefactus
1328 4369 1372 4419 ac
1396 4352 1477 4420 tum
1496 4345 1536 4418 in
1555 4347 1645 4434 tria,

436 4475 494 4546 vel
541 4480 701 4567 quatuor
739 4473 956 4547 centimetra
1000 4474 1129 4547 cubica
1173 4497 1294 4567 aquae
1342 4475 1500 4562 inlusus,
1549 4496 1648 4547 mox

435 4601 566 4674 emittit
581 4601 776 4693 crystallus
791 4601 887 4674 acidi
900 4602 1076 4693 benzcici,
1093 4602 1183 4675 dum
1197 4603 1321 4694 liquor
1335 4602 1457 4674 levem
1472 4600 1647 4692 quidem,

435 4730 503 4803 sed
523 4749 682 4801 suavem
702 4727 858 4802 odorem
876 4729 1016 4821 recipit.
