3500 5450
907 535 1124 608 -72-

780 745 975 856 Cortex
1002 748 1261 886 (tuereris.

531 935 684 1027 Querens
699 933 941 1032 pedunculato
968 934 1162 1009 Ehrhart
1187 941 1223 1009 et
1249 937 1400 1027 Qtrcrcus
1416 935 1624 1033 sessilistoro

414 1063 594 1149 Smith‚
615 1062 772 1136 arbores
793 1062 991 1155 indigenae
1011 1064 1243 1137 notissimae.
1270 1060 1506 1158 Ccpcliferac.

523 1190 658 1264 Cortex
695 1212 715 1263 e
753 1190 896 1264 truncis
929 1190 1143 1283 iunioribus
1181 1212 1278 1280 vere,
1317 1197 1404 1264 ante
1438 1191 1620 1264 foliorum

414 1317 668 1391 evolutionem
687 1318 880 1391 detractus
901 1323 937 1390 et
956 1318 1119 1391 siccatus
1148 1324 1272 1405 tenax,
1311 1340 1431 1392 uourn
1459 1319 1509 1391 ad
1539 1318 1621 1391 duo

411 1444 625 1518 rnillirnetra
659 1466 823 1533 crassus
861 1445 903 1517 in
936 1444 1132 1537 superficie
1167 1450 1322 1518 externa
1350 1446 1478 1535 laevis,
1518 1444 1620 1539 peri·

412 1573 578 1646 dermate
598 1573 824 1646 tenuissimo
852 1571 989 1646 coloris
1017 1595 1037 1645 e
1058 1594 1152 1646 cano
1173 1572 1342 1665 argentei
1371 1573 1430 1646 vel
1450 1573 1619 1647 cinereo·

410 1701 516 1789 susci,
528 1700 660 1773 nitenti
674 1699 855 1788 obtectus,
871 1700 909 1771 in
920 1700 1118 1792 superficie
1133 1702 1279 1773 interna
1293 1700 1620 1793 longitndinaliter

410 1829 573 1917 striatuS,
604 1828 739 1901 coloris
759 1828 1007 1902 fuscescentis
1033 1829 1092 1900 vel
1116 1827 1418 1915 fusco-rubentis
1448 1828 1619 1901 fractura

410 1956 448 2028 in
467 1961 574 2048 parte
593 1956 769 2029 interiore
799 1955 1165 2045 lamelloso-fibrosa,
1195 1956 1234 2028 in
1264 1961 1460 2048 segmento
1487 1961 1615 2028 trans·

412 2104 522 2157 verso
539 2084 610 2156 sub
633 2083 881 2175 peridermate
903 2085 1148 2177 mesophloeo
1168 2083 1423 2172 viridescente,
1435 2086 1618 2174 separato

413 2234 435 2283 a
453 2211 548 2284 libro
563 2210 700 2304 pallide
715 2211 948 2300 rubescente,
969 2211 1236 2304 angustissime
1251 2209 1454 2297 tessellato,
1471 2208 1617 2281 annulo

412 2338 592 2411 continuo
618 2337 799 2412 ecellulis
825 2339 1200 2430 solerenchymaticis.

519 2463 671 2557 Saporis
710 2468 766 2536 est
804 2469 930 2537 cortex
962 2465 1069 2538 valde
1095 2463 1376 2557 adstringentis.
1416 2462 1617 2536 Solutione

411 2590 528 2664 diluta
570 2591 654 2664 ferri
695 2591 984 2684 sesqnichlorati
1018 2592 1256 2666 humectatus
1289 2589 1412 2664 induit
1448 2590 1616 2664 colorem

413 2717 572 2791 obscure
593 2716 818 2792 caeruleum.

615 2964 812 3074 Cortex
839 2966 1068 3075 Rhamni
1095 2965 1408 3076 Pursiriani.

818 3156 999 3238 Casoara
1021 3160 1207 3263 sagrada.

519 3314 1615 3405 RhamnusPurstionusDC.,fintexarborescensAmericae

410 3443 737 3535 septemtrionalis.
760 3442 1010 3517 Rhomnoceoc.

523 3573 658 3645 Cortex
676 3573 797 3646 trunci
818 3579 854 3646 et
880 3595 1077 3646 ramorum
1103 3573 1265 3646 siccatus
1284 3572 1324 3644 in
1348 3571 1476 3645 frustis
1497 3592 1612 3644 cana-

412 3700 573 3774 liculatis
594 3706 659 3774 aut
670 3701 889 3790 convolutis,
910 3702 958 3775 ad
973 3702 1048 3775 duo
1064 3702 1281 3774 centimetra
1305 3699 1450 3793 amplis
1471 3699 1518 3771 ad
1535 3700 1614 3772 duo

409 3827 623 3900 millimetra
642 3828 793 3916 crassis,
824 3828 863 3900 in
882 3828 997 3901 latere
1023 3828 1202 3901 exteriore
1230 3828 1345 3901 fuscis
1371 3834 1436 3900 aut
1468 3827 1612 3918 griseo·

409 3954 1614 4048 fuscissublaevibus,passimperidermatetennissimocinereo-

410 4082 507 4168 albo‚
529 4081 732 4170 subnitido,
753 4103 867 4175 saepe
888 4083 1096 4175 apotheciis
1118 4083 1208 4156 atris
1228 4087 1409 4176 punctato
1438 4081 1614 4168 obtectis

410 4208 447 4279 in
468 4207 584 4282 latere
603 4208 777 4282 interiore
797 4230 817 4282 e
836 4209 1041 4301 nigricante
1064 4210 1345 4297 cinnamomeis,
1364 4209 1525 4283 tenuiter
1545 4230 1616 4302 per

409 4335 682 4427 longitudinem
712 4335 864 4424 sciatis,
903 4337 1133 4410 infractura
1172 4338 1333 4411 breviter
1370 4337 1534 4425 fibrosis,
1573 4336 1614 4408 in

413 4463 578 4535 sectione
597 4468 815 4536 transversa
833 4462 969 4536 coloris
985 4464 1209 4552 fusco-ssavi,
1229 4464 1324 4537 libro
1344 4463 1616 4537 delicatissime

409 4589 584 4662 radiatim
602 4589 752 4662 lineato
775 4590 931 4682 Saporis
951 4595 1010 4663 est
1029 4591 1234 4664 subamari.

521 4715 727 4788 Extractum
736 4713 908 4811 fluidum.
