3500 5450
663 529 899 600 -297-

181 744 319 818 solutio
349 744 615 820 alcalimetrica
643 750 812 820 recenter
829 753 974 838 parata,
995 748 1115 820 donec
1135 747 1237 820 color
1257 767 1382 818 caeru-

182 871 264 945 leus
284 872 439 964 liquoris
460 872 498 945 in
516 873 673 945 rubrum
694 872 870 964 agitando
889 873 1153 965 persistentem
1173 872 1300 965 vergit.

290 999 492 1088 Quantitas
514 1004 713 1073 consumta
738 999 939 1073 solutionis
964 1000 1247 1074 alcalimetn'cae
1273 1002 1382 1074 docet

182 1125 432 1218 quantitatem
451 1126 560 1199 natrii
575 1126 862 1219 hydrooxydati‚
883 1149 981 1218 quae
1002 1128 1226 1201 centimetris
1243 1127 1383 1200 cubicis

154 1325 157 1330 ,
181 1253 310 1345 viginti
330 1253 530 1328 solutionis
551 1258 716 1329 tentatae
737 1255 847 1328 inest.
876 1254 970 1327 Hinc
989 1255 1130 1329 vicenis
1157 1255 1382 1328 centimetris

181 1380 318 1454 cubicis
347 1368 566 1455 ⁴solutionis
605 1382 716 1454 natrii
752 1381 1026 1474 hydrooxydati
1063 1387 1120 1455 tot
1167 1382 1383 1455 centimetra

184 1508 316 1581 cubica
334 1530 457 1601 aquae
478 1508 689 1581 destillatae
711 1507 911 1613 addantur,
940 1514 1025 1605 quot
1042 1508 1136 1581 ultro
1165 1510 1385 1583 centimetra

184 1635 315 1708 cubica
329 1635 457 1727 viginti
471 1636 669 1710 solutionis
684 1636 966 1710 alcalimetricae
982 1637 1028 1709 ad
1037 1636 1383 1709 neutralisationem

180 1762 336 1854 liquoris
357 1769 559 1837 consumta
578 1764 739 1838 fuerant.

293 1889 377 1962 Tali
397 1892 511 1965 modo
533 1891 670 1966 solutio
691 1891 943 1964 acidimetrica
963 1891 1014 1964 ita
1034 1893 1237 1966 constituta
1257 1899 1324 1982 est,
1345 1897 1385 1965 ut

181 2018 341 2111 quodvis
372 2018 454 2110 ejus
492 2020 670 2093 volumen
703 2019 787 2112 pari
814 2019 996 2091 volumini
1029 2020 1225 2093 solutionis
1260 2020 1383 2093 alcali-

181 2145 356 2219 metricae
379 2145 625 2237 aequivaleat.

336 2429 512 2539 Solutio
535 2430 869 2517 alcaltmetrico
890 2430 1225 2517 decinormalls

319 2624 322 2632 ¹
372 2602 406 2686 (1
428 2599 486 2673 CC
506 2631 553 2663 =
572 2602 717 2673 0·0063
739 2622 831 2693 grm.
851 2600 1042 2692 ΗςΟςΟρ,ι
1057 2601 1191 2692 nmo).

316 2777 417 2857 leldi
437 2778 569 2859 eraliei
590 2780 827 2883 erystallisati
848 2781 1033 2884 purissini

501 2921 699 3007 prommoto
720 2936 779 2984 sex
796 2918 826 2984 et
840 2911 1110 3008 deciprommoto
1131 2912 1201 2983 tria
1259 2912 1378 2983 6300

177 3039 309 3112 sedulo
341 3043 502 3130 pensata
530 3039 669 3111 immite
698 3039 736 3111 in
765 3039 1007 3129 cucurbitam,
1037 3061 1135 3131 quae
1160 3059 1378 3111 mensuram

179 3165 290 3237 unius
310 3165 417 3238 litrae
437 3171 564 3239 exacte
584 3166 724 3239 indicat
744 3171 780 3240 et
799 3166 904 3239 solve
925 3167 963 3238 in

313 3290 437 3391 Aquae
458 3290 666 3369 restituae
687 3298 811 3370 ecetee
831 3296 869 3370 et
887 3300 961 3371 tun
984 3290 1222 3393 refrigeratae
1243 3318 1271 3366 s.
1292 3318 1336 3389 p,

178 3424 218 3490 ut
237 3440 314 3493 una
332 3422 418 3493 litra
437 3420 635 3494 solutionis
657 3422 881 3495 obtineatur.

286 3546 515 3621 Solutionem
535 3570 646 3621 serva
663 3548 699 3620 in
714 3548 850 3640 lagena
860 3548 1021 3640 perfecte
1038 3548 1225 3621 exsiccata
1240 3547 1377 3640 episto-

177 3696 261 3746 meo
281 3674 377 3748 bene
398 3675 525 3748 clauso
547 3699 569 3748 a
589 3677 670 3750 luce
689 3683 846 3751 remoto.

286 3801 408 3892 Hujus
429 3803 629 3876 solutionis
646 3805 909 3877 centimetrum
925 3803 1097 3877 cubicum
1118 3825 1246 3891 unum,
1275 3804 1376 3895 quod

178 3929 343 4003 continet
389 3931 449 4001 6·ss
485 3931 790 4022 milligrarnmata
822 3930 918 4003 acidi
957 3931 1089 4004 oxalici
1129 3930 1377 4021 crystallisati,

177 4062 340 4150 quatuor
373 4036 677 4149 rnilligrammata
714 4058 824 4131 natrii
857 4057 1132 4149 hydrooxydati
1168 4058 1245 4131 sive
1280 4058 1374 4131 deci-

177 4207 277 4257 mam
298 4190 446 4276 partem
473 4187 651 4279 ponderis
672 4186 948 4280 aequivalentis
979 4185 1146 4277 cujusvis
1177 4188 1272 4259 alius
1295 4209 1374 4259 cor·
1495 4167 1498 4173 ¹

177 4312 277 4405 poris
308 4313 426 4386 basici
445 4315 610 4407 perfecte
630 4320 763 4387 neutra
789 4314 911 4388 reddit
930 4320 966 4387 et
985 4315 1037 4386 sic
1056 4314 1171 4408 hujus
1193 4315 1377 4405 quantita-

177 4446 252 4512 tem
272 4463 339 4533 per
359 4442 666 4534 milligrammata
687 4465 907 4535 expressam
927 4443 1114 4516 calculare
1133 4443 1321 4536 permittit.

286 4568 428 4642 Solutio
467 4593 545 4643 non
576 4571 638 4643 diu
667 4571 811 4662 integra
840 4576 980 4659 manet,
1007 4593 1123 4663 quare
1160 4569 1241 4661 ejus
1270 4570 1377 4642 valor·

178 4695 330 4787 saepius
378 4697 567 4770 solutione
623 4699 708 4771 kalii
757 4698 1091 4792 hypermanganici
1129 4697 1375 4769 volumetrica
