3500 5450
853 519 1095 592 -156-

487 734 626 826 Liquor
645 736 791 809 calefiat
810 737 857 810 ad
885 739 979 811 acidi
1010 737 1194 811 carbonici
1218 738 1420 829 perfectam
1450 741 1575 831 expul-

379 862 535 950 sionem,
558 863 643 935 dein
664 869 809 937 tantum
829 865 907 938 sive
927 865 1012 938 kalii
1033 864 1217 939 carbonici
1238 866 1316 937 sive
1337 866 1431 939 acidi
1452 867 1576 940 aeetiei

378 989 548 1079 addatur,
580 996 760 1083 quantum
782 994 828 1066 ad
857 994 1060 1086 perfectam
1089 992 1433 1066 neutralisationem
1460 996 1575 1086 requi·

378 1118 479 1191 ritnr.

489 1246 572 1335 Quo
592 1248 701 1337 sacto,
720 1248 842 1340 liquor
860 1248 1019 1322 filtratus
1039 1248 1076 1320 in
1101 1249 1235 1321 balneo
1261 1269 1381 1340 aquae
1402 1270 1572 1341 evapore-

379 1380 440 1447 tnr
459 1375 508 1447 ad
527 1377 676 1468 pondus
697 1397 799 1468 spec.
826 1377 926 1450 190.

489 1502 628 1595 Liquor
646 1503 835 1597 limpidus,
871 1504 1032 1592 decolor,
1068 1505 1143 1578 lere
1163 1510 1304 1593 neuter,
1334 1503 1461 1577 addito
1480 1505 1575 1577 ferro

380 1631 677 1722 sesquichlorato
711 1633 834 1707 soluto
870 1634 1033 1705 colorem
1059 1632 1206 1705 intense
1234 1634 1389 1706 rubrum
1412 1632 1523 1705 trabit
1541 1640 1575 1705 et

380 1760 487 1832 acido
525 1762 697 1833 tartarico
740 1761 955 1834 abundante
1002 1762 1284 1854 praecipitatum
1324 1759 1574 1852 crystallinum

379 1888 546 1961 demun.
970 1981 974 1988 ,
1103 1863 1109 1869 ’

489 2015 631 2089 Solnlio
665 2038 765 2108 aqua
798 2017 915 2090 diluta
947 2038 1016 2090 nec
1046 2039 1145 2109 aqua
1174 2015 1488 2108 bydrosuliurata,
1508 2037 1574 2089 uec

380 2143 569 2216 ammonio
604 2144 797 2233 sulfurato,
832 2166 902 2217 nec
936 2145 1041 2217 acido
1075 2144 1205 2217 nitrien
1227 2144 1422 2231 acidulala,
1463 2143 1574 2232 baryo

379 2271 510 2344 nitrien
530 2276 704 2360 mutetur,
726 2277 882 2363 argento
904 2271 1033 2344 mtrico
1053 2272 1100 2344 ad
1122 2293 1313 2345 summum
1332 2272 1520 2344 lactescat.

697 2668 910 2779 llalium
938 2669 1257 2779 bromatum.

488 2893 658 2985 Crystalli
677 2894 794 2982 albae,
811 2895 972 2982 cubicae,
989 2895 1178 2983 inodorae,
1200 2893 1345 2987 saporis
1360 2893 1468 2966 salini
1483 2914 1576 2986 pun-

379 3020 510 3112 gentis,
537 3021 575 3093 in
594 3028 678 3095 abre
698 3022 954 3114 persistenteS,
980 3023 1086 3095 facile
1119 3024 1157 3094 in
1191 3043 1299 3114 aqua,
1327 3020 1511 3094 difficilius
1539 3021 1575 3091 in

380 3148 509 3240 spiritu
530 3148 605 3220 vini
624 3149 815 3228 solubiles,
837 3150 980 3224 Solutio
1005 3171 1161 3241 aquosa,
1181 3149 1378 3221 reaetionis
1399 3148 1574 3236 neutrius,

380 3295 446 3366 per
465 3275 630 3348 additam
649 3298 786 3368 aquam
821 3278 938 3349 chlori
964 3278 1127 3350 colorem
1151 3276 1271 3350 induit
1302 3277 1574 3363 fusco-flavum,

380 3402 443 3493 qui
463 3404 755 3496 conquassanda
777 3426 863 3477 cum
885 3405 998 3495 gultis
1018 3404 1161 3495 aliquot
1180 3403 1430 3477 chlorolormii
1448 3402 1487 3474 in
1506 3402 1575 3473 boc

378 3531 521 3622 migret,
541 3532 668 3604 relicta
695 3534 879 3606 solutione
905 3554 1051 3625 aquosa
1072 3532 1253 3604 decolore.
1273 3530 1402 3603 Ansac
1427 3530 1479 3602 fili
1497 3531 1571 3621 pla-

380 3658 467 3729 tinei
487 3658 620 3731 affixae
640 3661 829 3732 flammam
850 3660 975 3731 colore
995 3660 1160 3732 violaceo
1179 3658 1361 3731 inficiunt.

488 3785 636 3859 Kalium
655 3787 878 3876 bromatum,
901 3787 1100 3860 contritum
1125 3787 1164 3858 in
1190 3786 1320 3859 tabula
1344 3786 1577 3879 porcellanea

380 3914 466 3986 alba
499 3919 536 3987 et
568 3919 648 3987 tum
689 3914 785 3987 acidi
824 3915 989 3988 sulfurici
1023 3915 1127 3988 diluti
1165 3919 1269 4006 gutta
1306 3934 1382 3985 una
1419 3913 1576 3986 alterave

381 4042 648 4131 humectatum,
670 4044 833 4115 colorem
853 4044 992 4116 flavum
1012 4064 1060 4116 ne
1080 4043 1220 4116 induat.

487 4170 629 4244 Salutio
664 4192 808 4262 aquosa
840 4192 889 4244 ne
923 4171 972 4243 sit
1003 4170 1201 4243 reactionis
1235 4169 1426 4257 alcalinae,
1456 4188 1574 4259 neque

381 4320 480 4390 aqua
500 4298 816 4389 hydrosnllurala,
837 4318 959 4389 neque
985 4297 1174 4369 ammonio
1195 4296 1378 4369 sulimato
1407 4299 1576 4382 mutetur,

379 4426 495 4518 baryo
515 4426 647 4499 nitrico
667 4426 792 4499 addito
808 4425 916 4499 acido
936 4425 1066 4497 nitrico
1081 4425 1142 4497 vix
1160 4423 1340 4497 turbetur.
1358 4422 1452 4496 Cum
1468 4421 1577 4514 guttis

380 4554 523 4645 aliquot
546 4555 631 4626 ferri
657 4552 946 4648 sesquicblorati
975 4552 1087 4626 soluti
1113 4557 1149 4625 et
1176 4549 1440 4623 chloroiormio
1469 4569 1577 4641 quas-

381 4687 465 4755 sata
485 4681 556 4753 boc
577 4683 701 4755 colore
722 4683 887 4755 violaceo
908 4681 947 4753 in
967 4680 1118 4753 inficiat.
