3500 5450
908 549 1121 622 ..pg-

491 766 1197 902 Apomomclrirmm
1235 768 1546 904 hydro·

782 930 1263 1044 chronicum.

528 1094 657 1168 Pulvis
679 1097 927 1188 crystallinus,
956 1119 975 1170 e
996 1098 1144 1171 cinereo
1165 1099 1284 1188 albus,
1304 1099 1434 1187 siccus,
1460 1099 1499 1171 in
1520 1118 1629 1188 aqua

419 1227 454 1294 et
483 1223 617 1314 spiritu
645 1224 721 1297 vini
742 1225 926 1317 solubilis
955 1226 994 1298 in
1020 1226 1173 1301 aethere
1201 1232 1238 1300 et
1257 1226 1522 1299 chloroformio
1542 1226 1626 1296 lere

418 1349 641 1426 insolubilis.

530 1479 675 1552 Solutio
686 1501 843 1572 aquosa,
861 1480 1062 1554 reactionis
1079 1481 1260 1571 neutrius,
1277 1481 1413 1554 coloris
1427 1482 1538 1574 plane
1555 1484 1627 1552 aut

418 1606 492 1678 iere
509 1627 653 1699 expers,
671 1614 756 1680 ae're
774 1608 946 1700 exposita
960 1609 1057 1681 lente
1074 1609 1264 1698 calefacta,
1285 1609 1393 1682 citius
1413 1609 1564 1682 virescit
1584 1612 1624 1679 et

417 1732 852 1806 reactionemalcalinam
863 1734 1078 1828 recipitSal
1088 1736 1324 1824 siccunr,ae'ri
1335 1736 1535 1810 humidoet
1545 1735 1624 1807 luci

418 1860 639 1953 expositum,
656 1862 819 1934 colorem
837 1862 997 1934 viridem
1023 1862 1154 1953 induit,
1177 1862 1284 1935 acido
1305 1862 1439 1936 uitrico
1460 1863 1622 1955 adjecto,

416 1988 676 2079 sanguineum.
709 1988 812 2061 idem
843 1990 947 2063 color
982 1989 1162 2079 nascitur,
1191 1990 1224 2062 si
1250 1990 1429 2062 solutioni
1449 2010 1623 2082 aquosae

417 2115 544 2207 aliqua
564 2116 659 2188 acidi
680 2116 801 2190 nitrici
821 2117 1051 2190 concentrati
1070 2117 1192 2211 portio
1213 2117 1452 2190 admiscetur.
1472 2118 1624 2190 Solutio

417 2266 575 2337 aquosa,
592 2244 808 2317 mixtarum
824 2246 923 2318 kalio
939 2246 1225 2338 hydrooxydato
1245 2247 1380 2334 soluto,
1402 2245 1505 2318 brevi
1525 2251 1622 2318 tem·

416 2394 508 2464 pore
533 2372 698 2444 colorem
718 2394 763 2445 er
782 2374 890 2446 fusco
920 2374 1166 2465 nigricantem
1194 2373 1320 2461 trabit,
1353 2372 1440 2446 ferri
1469 2373 1621 2465 sesqui·

415 2499 573 2572 chlorati
594 2500 732 2574 solutio
753 2502 1049 2594 amethystinum
1069 2502 1232 2576 colorem
1252 2500 1377 2576 efficit.

526 2628 588 2700 Sal
607 2627 647 2699 in
675 2628 817 2702 lamina
834 2630 1001 2724 platinea
1030 2630 1231 2703 calefactus
1252 2631 1442 2722 deflagrat,
1463 2629 1624 2702 odorem

415 2757 642 2849 peculiarem
668 2759 912 2832 aromaticum
933 2780 1129 2852 spargens,
1161 2759 1313 2832 residuo
1342 2759 1446 2832 nullo
1476 2757 1623 2829 relicto.

525 2886 700 2959 Servetur
721 2886 804 2959 loco
825 2888 936 2977 sicce,
957 2886 1116 2959 invasis
1136 2886 1277 2979 optime
1303 2885 1455 2974 clausis,
1485 2908 1508 2957 a
1532 2885 1622 2957 luce

416 3018 615 3086 remotum.

743 3153 929 3294 Aquae
961 3152 1287 3262 destillatae.

523 3320 783 3410 Medicamina,
819 3322 867 3394 ad
900 3324 1093 3415 parandas
1128 3343 1248 3415 aquas
1282 3322 1489 3395 destillatas
1509 3343 1622 3414 prae-

414 3447 564 3541 scripta,
584 3449 737 3521 nonnisi
763 3449 917 3521 concisa
943 3450 1021 3525 sive
1050 3456 1211 3523 contusa
1231 3450 1481 3523 adhibeantur
1511 3454 1548 3521 et
1576 3449 1621 3521 in

415 3597 553 3666 genere
573 3598 640 3670 per
659 3577 788 3669 viginti
810 3582 973 3669 quatuor
1000 3579 1116 3650 horas
1142 3599 1228 3650 cum
1248 3600 1349 3670 aqua
1367 3582 1622 3665 macerentur,

414 3710 618 3795 antequam
639 3704 839 3778 destillatio
859 3704 1077 3779 instituitur.

523 3833 655 3924 Aquae
685 3832 895 3905 destillatae
924 3832 1000 3904 sint
1027 3832 1154 3906 odoris
1171 3836 1207 3905 et
1236 3831 1384 3924 saporis
1404 3832 1622 3922 peculiaris,

414 3960 478 4051 qui
508 3959 729 4032 substantiis
750 3959 964 4032 volatilibus
985 3960 1274 4034 medicaminum
1303 3959 1413 4048 inest,
1435 3980 1454 4030 e
1476 3959 1623 4050 quibus

413 4091 607 4180 parantur.

520 4215 722 4288 Serventur
762 4216 848 4287 loco
883 4214 1045 4286 obscuro
1086 4219 1123 4287 et
1155 4214 1299 4306 frigido.
1343 4214 1623 4288 Actheroleum

412 4344 587 4416 innatans
608 4347 694 4415 ante
715 4342 1037 4435 dispensationem
1056 4341 1231 4414 filtrando
1251 4347 1460 4435 separetur.

519 4468 631 4561 Aqua
650 4470 957 4562 hydrosulfurata
977 4469 1144 4541 admixta
1162 4490 1209 4541 ne
1231 4474 1434 4542 mutentur.

518 4597 651 4689 Aquae
681 4597 807 4670 odoris
832 4598 910 4670 fere
930 4596 991 4669 vel
1016 4597 1165 4688 penitus
1194 4603 1365 4689 expertes
1385 4597 1465 4668 sive
1487 4618 1626 4669 muce-

412 4724 496 4798 dine
516 4728 714 4818 corruptae
730 4725 958 4816 rejiciantur.
