3500 5450
685 523 899 597 ..ΧΙ-

194 745 315 855 liarii,
350 741 504 861 quibus
542 742 587 826 in
619 741 850 857 provinciis
889 741 951 828 rei
988 740 1255 829 medicinalis
1289 772 1392 830 cura

196 908 338 997 delata
386 918 461 1017 est,
518 906 676 1023 aliique
727 906 827 993 artis
871 906 1067 993 medicae
1114 919 1156 994 et
1187 909 1390 1023 pharma-

195 1075 385 1160 ceuticae
408 1070 591 1159 consulti
613 1072 867 1158 sententiam
891 1070 1048 1181 darent,
1081 1081 1222 1158 utrum
1246 1072 1390 1189 dispo-

195 1239 369 1324 sitiones
392 1238 437 1321 in
458 1235 648 1322 elenchis
673 1234 801 1322 initae
826 1234 1048 1323 desideriis
1077 1234 1316 1323 medicinae
1339 1265 1391 1323 ac

195 1400 440 1515 indigentiis
464 1401 715 1487 commercii
745 1401 789 1484 in
819 1398 1001 1486 officinis
1035 1400 1391 1514 pharmaceuticis

194 1565 283 1651 illic
305 1564 445 1652 obviis
469 1565 693 1675 sufficiant,
712 1593 768 1651 an
790 1593 876 1681 qua
904 1566 1065 1653 ratione
1088 1564 1172 1680 ipsi
1194 1565 1390 1654 codicem

193 1729 620 1817 medicamentarium
644 1707 866 1818 exaratum
889 1759 983 1818 esse
1006 1731 1148 1817 velint.

303 1874 496 1982 Demum
536 1905 578 1982 et
615 1895 965 1982 nosocomiorum
989 1892 1392 1982 Vindobonensium

196 2058 393 2174 Collegia
425 2057 691 2145 medicorum
724 2059 1024 2174 primariomm
1063 2087 1143 2146 nec
1175 2089 1262 2146 non
1284 2061 1391 2147 Pro·

193 2225 387 2333 sessores,
435 2224 508 2340 qui
553 2222 730 2310 diversis
786 2222 950 2309 clinicis
993 2234 1205 2340 praesunt,
1251 2224 1390 2339 rogati

193 2388 372 2499 fuerunt,
433 2397 479 2474 ut
531 2385 777 2496 indicarent,
835 2414 945 2503 quae
998 2387 1288 2476 medicamina
1347 2389 1390 2473 in

195 2553 424 2639 elenchum
445 2550 702 2668 recipienda,
745 2578 854 2667 quae
900 2542 1154 2639 omittenda
1178 2561 1322 2639 essent
1351 2563 1392 2638 et

195 2747 302 2835 quas
356 2717 691 2834 praesciptiones
746 2726 874 2832 atque
931 2715 1136 2803 formdlas
1193 2715 1390 2803 editionis

193 2890 338 2969 sextae
362 2879 650 2969 emendandas
675 2891 906 2968 censerent.

301 3046 547 3134 Relationes
598 3054 641 3132 et
679 3044 909 3133 sententias
949 3043 1004 3130 ad
1047 3045 1162 3132 hanc
1199 3073 1291 3131 rem
1336 3074 1390 3130 ex

194 3210 393 3298 omnibus
415 3212 584 3327 imperii
613 3208 801 3326 partibus
837 3209 1002 3297 delatas
1044 3207 1284 3294 Consilium
1313 3237 1390 3323 pro

193 3375 378 3490 negotiis
417 3375 608 3462 sanitatis
647 3403 896 3491 supremum
925 3374 1080 3488 selegit
1113 3382 1155 3460 et
1184 3383 1391 3489 quatenus

194 3537 385 3626 utilitatis
404 3547 447 3627 et
467 3538 666 3655 publicae
690 3538 838 3625 salutis
862 3539 1071 3626 rationem
1094 3535 1391 3653 sequebantur,

195 3701 336 3789 alioue
359 3713 555 3820 respectu
586 3704 960 3820 pharmacopoeae
999 3702 1130 3787 finem
1153 3729 1204 3787 ac
1232 3699 1390 3786 limites

193 3895 280 3954 non
324 3865 601 3977 excedebant,
654 3866 853 3982 Collegio
903 3866 1082 3983 speciali
1127 3865 1181 3952 ad
1227 3893 1391 3951 novum

196 4031 392 4120 codicem
429 4030 780 4149 perscribendum
814 4033 1041 4118 constituto
1080 4030 1305 4138 intimavit,
1347 4041 1394 4113 ut

196 4195 248 4283 dc
272 4196 490 4284 desideriis
512 4199 557 4282 in
579 4195 810 4313 provinciis
839 4193 1085 4310 vigentibus
1126 4193 1327 4281 edoctum
1349 4195 1393 4279 iu

197 4390 324 4477 opere
338 4360 637 4478 componendo
652 4389 803 4446 eorum
810 4361 973 4476 justam
988 4355 1392 4446 rationemhaberet.

306 4525 435 4642 Operi
444 4526 650 4636 confecto,
664 4554 778 4612 nunc
792 4524 978 4613 editione
996 4526 1178 4640 septima
1193 4524 1237 4608 in
1252 4525 1393 4610 lucem

195 4690 431 4809 prodeunti,
456 4693 677 4806 sequentia
699 4689 879 4778 subsunt
900 4689 1116 4807 principia.
