3500 5450
632 559 846 630 -51-

248 777 376 850 Pulvis
397 776 646 869 griseo-albus
662 776 722 849 vel
741 776 961 866 flavescens
980 776 1173 862 inodoruS,
1193 775 1340 868 saporis

141 904 299 1000 styptici,
328 905 473 977 modice
494 903 622 976 amari.
653 903 817 977 Solvitur
835 903 875 976 in
894 903 1046 996 triginta
1066 903 1209 976 circiter
1227 903 1338 996 parti-

141 1032 212 1104 bus
228 1053 349 1124 aquae
364 1031 565 1120 bullientis,
582 1031 620 1104 in
638 1032 862 1123 octingentis
878 1031 1010 1122 frigidi,
1030 1031 1138 1104 facile
1154 1031 1192 1103 in
1209 1032 1339 1124 spiritu

140 1160 226 1233 vini.
245 1159 372 1233 Pulvis
393 1182 493 1252 aqua
513 1162 715 1234 calefactus
736 1161 992 1252 conglobatur.

251 1287 392 1360 Solutio
423 1309 569 1379 aquosa
596 1288 692 1361 ferro
722 1286 1020 1380 sesquichlorato
1050 1286 1213 1359 colorem
1242 1292 1339 1360 atra·

141 1420 379 1487 mentaceum
408 1415 540 1488 induit.
578 1415 720 1488 Solutio
759 1415 971 1509 spirituosa,
1006 1414 1213 1507 digestione
1256 1436 1342 1487 cum

140 1542 296 1634 plumbo
326 1542 465 1617 acetico
494 1543 623 1616 basico
662 1544 709 1616 ab
735 1543 842 1616 acido
866 1544 1018 1617 tannico
1057 1548 1094 1617 et
1127 1564 1150 1615 a
1186 1543 1341 1636 plumbo

18 1690 19 1693 ‘
142 1671 344 1745 excedente
374 1670 482 1743 acido
508 1671 688 1745 sulfurico
709 1672 826 1746 diluto
841 1672 1007 1761 liberata,
1026 1671 1211 1764 liquorem
1228 1670 1341 1743 filtra-

18 1820 20 1823 ·
141 1804 221 1872 tum
235 1799 423 1891 praebeat,
445 1801 546 1891 quod
561 1799 691 1893 spiritu
705 1800 782 1872 vini
802 1799 1066 1893 evaporatione
1082 1797 1239 1890 depulso
1255 1819 1341 1870 cum

143 1940 243 2019 aqua
263 1926 380 1999 chlori
400 1928 623 2001 succedente
643 1927 833 2000 ammonia
851 1928 1008 2000 viridem
1028 1927 1191 2000 colorem
1209 1925 1340 1998 induit.

250 2053 412 2146 Ignitum
432 2054 513 2129 sine
531 2055 684 2129 residuo
704 2056 913 2129 comburat.

239 2435 719 2548 coloratum
757 2438 1248 2571 leunculum.

252 2637 425 2729 Crystalli
453 2637 670 2732 pellucidae,
710 2637 916 2728 decolores
955 2645 1041 2711 aere
1078 2638 1340 2733 persistentes

145 2764 346 2838 reactionis
383 2764 554 2838 neutrius
583 2766 747 2839 vellere
775 2767 956 2855 neutuna,
986 2766 1113 2839 odoris
1142 2764 1342 2859 peculiaris

144 2891 346 2982 aromatici,
369 2893 518 2985 saporis
540 2894 666 2966 acerbi
685 2895 888 2984 subamari,
914 2894 953 2966 in
973 2916 1083 2986 aqua,
1113 2893 1245 2986 spiritu
1267 2892 1341 2970 vini

145 3026 181 3092 et
196 3019 346 3093 aethere
361 3020 469 3092 facile
486 3021 677 3109 solubiles,
698 3022 820 3094 calore
842 3022 917 3094 58Ο
941 3021 1201 3113 liquescentes,
1221 3021 1339 3092 terve-

144 3146 264 3219 sactae
283 3148 447 3235 avolant,
468 3147 559 3239 quin
579 3169 649 3239 gas
669 3147 939 3221 irrtlammabile
959 3148 1161 3221 emittatur.

254 3273 398 3346 Solutio
419 3295 564 3366 aquosa
582 3275 680 3348 kalio
700 3275 987 3367 hydrooxydato
1002 3274 1149 3367 adjecto
1165 3276 1341 3363 turbetur,

19 3503 21 3506 Ι
145 3401 410 3475 chloroformio
421 3402 647 3476 succedente
656 3424 789 3475 rursus
800 3401 1024 3494 litlimpida;
1045 3408 1199 3494 argento
1211 3402 1342 3475 nitrico

144 3530 205 3602 vix
225 3536 401 3605 mutetur.

253 3658 370 3732 Acido
405 3659 585 3733 sulfurico
616 3664 855 3733 concentrato
887 3660 1053 3734 admixto
1083 3659 1215 3732 leniter
1248 3658 1343 3731 eale·

144 3786 284 3858 lactum
293 3787 720 3879 Chloralumhydratum
729 3809 853 3881 neque
865 3786 1342 3881 vaporeshydrochloricos

145 3914 300 3998 emittat,
321 3936 444 4007 neque
465 3917 629 3989 colorem
648 3917 799 3989 luscum
816 3916 980 4009 recipiat.

254 4041 430 4114 Servetur
449 4063 540 4114 vase
561 4042 632 4115 luci
652 4043 845 4136 impervio,
866 4043 950 4117 loco
970 4043 1080 4116 sicco

386 4403 1110 4541 Olclorol'ormmm.

20 4659 22 4686 ÷
252 4605 393 4698 Liquor
411 4604 599 4698 limpidus
631 4606 791 4695 decolor,
821 4606 948 4680 odoris
978 4606 1162 4699 specialis,
1190 4607 1338 4700 saporis

143 4732 348 4822 subdulcis,
367 4731 545 4824 ponderis
575 4733 738 4826 specifici
771 4733 1045 4824 l·485—l·50,
1076 4735 1199 4807 calore
1221 4736 1271 4807 60
1292 4735 1340 4807 ad
