3500 5450
640 544 855 618 ..39-

578 815 683 923 risu
706 813 928 932 foetida.

438 1044 760 1126 Gummi-resina
782 1045 872 1122 Asa
894 1043 1059 1122 foetida.

259 1239 405 1313 Ferulae
423 1241 579 1333 species,
603 1238 776 1331 inprimis
796 1210 926 1310 Furnio
950 1236 1181 1309 Scorodosmc
1201 1236 1341 1310 Bent-

152 1366 259 1439 ham
279 1373 314 1439 ct
334 1367 529 1440 Hooker
550 1372 586 1440 et
600 1366 728 1439 Feruto
743 1364 896 1438 Nat-uua
914 1365 1159 1454 Boissier,
1179 1365 1348 1437 Persiam

151 1500 187 1566 et
201 1494 373 1586 regiones
389 1494 605 1587 adjacentes
624 1494 737 1568 Asiae
751 1494 1014 1567 inhabitantes,
1042 1491 1294 1585 Umbelliseroe.

263 1621 407 1694 Succus
423 1623 775 1713 gummi-resinosus
795 1643 815 1694 e
836 1621 959 1694 radice
980 1622 1185 1707 vulnerata,
1205 1624 1349 1692 resecto

152 1751 268 1839 caule,
295 1749 474 1839 effluxus,
505 1757 590 1822 aere
616 1750 828 1838 indumine,
863 1749 965 1821 sistit
991 1754 1056 1821 aut
1082 1767 1199 1839 grana
1218 1746 1349 1832 laevia,

152 1899 229 1950 non
247 1899 333 1949 raro
353 1878 481 1950 leviter
501 1898 726 1969 compressa,
746 1876 872 1949 variae
893 1874 1173 1967 magnitudinis
1190 1874 1351 1946 discreta

154 2009 219 2076 aut
237 2005 331 2077 inter
350 2026 391 2077 se
411 2005 677 2096 conglutinata,
701 2004 924 2096 plerumque
945 2010 1072 2076 autem
1091 2022 1244 2074 massas
1264 2001 1350 2072 irre·

153 2132 300 2223 gulares
325 2132 538 2225 ampliores
560 2131 791 2204 extrinsecus
812 2131 946 2203 coloris
966 2129 1191 2217 ssavo-fusci,
1215 2127 1352 2221 partim

155 2259 318 2347 violacei,
330 2261 369 2332 in
379 2259 542 2332 fractura
552 2258 736 2333 conchata
749 2257 902 2347 lacteas,
918 2259 1099 2352 opalinas,
1116 2278 1222 2329 cerae
1235 2255 1353 2329 instar

152 2387 325 2475 nitentes
345 2408 433 2459 mox
455 2388 784 2480 purpurascentes
808 2385 963 2457 tandem
986 2385 1254 2471 fuscescenteS,
1279 2381 1351 2455 sub

154 2512 276 2604 digitis
291 2513 550 2602 lentescentes,
570 2514 606 2587 in
626 2511 847 2603 fragmentis
867 2511 1043 2585 tenuibus
1059 2511 1351 2604 subpellucidas,

153 2640 279 2713 odoris
291 2641 523 2735 penetrantis
542 2638 683 2713 alliacei
697 2639 943 2732 persistentis
961 2639 1109 2732 saporis
1127 2639 1235 2729 acris,
1252 2659 1350 2709 arna·

154 2769 316 2842 ricantia

264 2896 360 2969 Cum
388 2918 488 2988 aqua
515 2896 602 2968 trita
629 2897 708 2969 Asa
735 2895 878 2969 foetida
907 2894 1155 2968 emulsionem
1189 2891 1354 2964 albidum

154 3024 316 3117 praebet
331 3023 447 3096 Acido
464 3023 747 3115 hydrochlorico
766 3044 815 3096 ne
831 3023 940 3095 valde
961 3022 1189 3107 effervescat,
1211 3017 1354 3091 sensim

155 3151 318 3223 colorem
337 3152 430 3224 belle
450 3150 606 3223 viridem
624 3150 754 3224 induit.
776 3150 982 3223 Combusta
1000 3170 1047 3221 ne
1062 3148 1150 3241 plus
1172 3167 1286 3239 quam
1308 3168 1352 3217 ex

154 3278 325 3371 partibus
347 3283 499 3351 centum
517 3282 643 3372 partes
664 3278 794 3351 decem
815 3277 949 3350 cineris
967 3277 1165 3368 relinquat.

261 3405 389 3478 Pulvis
418 3406 620 3496 lutescenS,
640 3404 776 3496 frigore
797 3426 842 3477 ex
860 3404 940 3477 Asa
958 3403 1100 3475 foetida
1119 3403 1296 3475 obtentus
1318 3406 1354 3474 et

155 3534 201 3604 ab
222 3532 399 3605 immixtis
421 3531 632 3625 quisquiliis
649 3553 720 3625 ope
742 3530 850 3604 cribri
871 3532 1010 3604 setacei
1026 3530 1162 3603 adhoc
1178 3529 1352 3603 destinati

153 3665 345 3753 purgatus,
366 3665 534 3732 servetur
552 3661 635 3732 loco
656 3660 754 3732 sicco
776 3664 813 3731 et
832 3662 893 3731 sat
910 3657 1053 3749 frigido.

227 4113 733 4252 Adroptmum
757 4084 1288 4249 scalpentem.

262 4332 390 4405 Pulvis
407 4334 655 4426 crystallinus,
677 4333 797 4422 albus
815 4332 922 4404 sacile
937 4332 975 4403 in
990 4352 1100 4422 aqua,
1122 4328 1253 4422 spiritu
1268 4328 1354 4415 vini,

154 4458 308 4531 omnino
328 4461 462 4532 nonin
483 4462 633 4533 aethere
654 4465 691 4532 et
711 4458 979 4532 chloroformio
999 4457 1179 4530 solubilis.

263 4586 407 4659 Solutio
423 4609 572 4680 aquosa
588 4591 644 4660 est
660 4586 858 4660 reactionis
873 4586 1055 4675 neutrius
1076 4583 1209 4658 millies
1230 4581 1354 4654 adhuc

153 4712 270 4785 diluta
289 4716 438 4807 saporis
473 4714 602 4804 amari,
623 4735 808 4786 nauseam
832 4713 1028 4801 moventis,
1057 4711 1238 4806 pupillam
1266 4709 1355 4781 dila-
