3500 5450
672 558 885 630 -Η-

407 767 625 877 dcidum
653 772 1150 880 uitrico-nitrosum.

491 963 669 1042 Acidnm
692 964 881 1045 uitricum
902 964 1075 1046 fumans.

286 1121 424 1213 Liquor
452 1122 642 1214 limpidus,
673 1145 693 1195 e
725 1123 840 1195 rubro
874 1125 1022 1214 fuscuS,
1058 1125 1170 1214 piane
1208 1125 1380 1212 volatilis,

178 1272 337 1342 vapores
373 1250 546 1323 emittens
586 1251 831 1341 suffocantes,
858 1274 877 1324 e
910 1254 1008 1324 ssavo
1038 1253 1182 1324 rubros.
1225 1253 1381 1325 Pondus

178 1377 393 1469 specificum
412 1378 609 1451 minimum
629 1380 677 1451 sit
700 1380 951 1453 lua-150.

286 1503 540 1598 Quinquagies
561 1528 660 1599 aqua
684 1506 824 1580 dilutus
844 1508 960 1598 baryo
976 1506 1121 1596 nitrien,
1146 1508 1205 1580 vel
1225 1514 1379 1600 argento

178 1632 309 1705 nitrIco
329 1633 391 1705 vix
410 1635 589 1707 turbetur.
940 1643 945 1652 ’

287 1762 403 1833 Caute
423 1761 505 1834 luco
524 1762 657 1854 frigido
679 1768 714 1835 et
734 1764 898 1836 obscuro
920 1768 1099 1836 servetur.

433 2084 654 2193 dcidum
683 2083 1117 2228 pharpharicum.

285 2309 425 2402 Liquor
450 2309 646 2402 limpidus,
683 2310 846 2398 decolor,
882 2310 1008 2383 odoris
1029 2332 1174 2403 expers,
1202 2311 1381 2403 ponderis

179 2436 340 2529 specifici
367 2438 493 2511 1094.

285 2566 450 2657 Argenta
479 2565 610 2638 uitrico
640 2564 786 2657 adjecto
815 2565 939 2658 liquor
967 2565 1145 2658 limpidus
1176 2571 1211 2638 et
1232 2567 1381 2639 decolor

177 2699 338 2784 maneat,
374 2693 509 2788 quodsi
537 2715 626 2768 vero
658 2699 766 2768 caute
793 2693 984 2767 ammonia
1013 2694 1250 2782 admiscetur,
1281 2695 1377 2767 sedi·

178 2828 346 2894 mentum
361 2823 501 2895 ssavum
517 2823 648 2911 oritur,
669 2821 1115 2916 quodsuperabundante
1136 2823 1242 2894 acido
1263 2843 1380 2915 aeque

179 2970 222 3021 ac
241 2950 484 3042 superaddita
504 2951 694 3024 ammonia
712 2950 878 3023 solvitur.

286 3077 427 3170 Liquor
441 3084 596 3170 argento
611 3079 742 3151 uitrico
759 3083 795 3150 et
810 3079 1026 3151 abundante
1040 3077 1379 3150 ammoniamixtus

180 3210 291 3296 atque
308 3205 355 3276 ad
372 3206 623 3277 ebullitionem
640 3205 852 3295 calefactus,
873 3227 942 3277 nec
959 3206 1122 3277 colorem
1136 3205 1381 3295 nigricantem

180 3332 320 3420 induat,
362 3354 485 3424 neque
529 3332 712 3424 ejusmodi
752 3333 1004 3405 sedimentum
1048 3333 1222 3425 deponat.
1270 3333 1382 3426 Aqua

180 3458 487 3552 hydrosuisurata
505 3465 694 3532 saturatus
713 3481 761 3532 ne
781 3465 861 3532 tum
882 3461 1035 3552 quidem
1055 3462 1220 3532 colorem
1240 3461 1381 3532 ssavum

179 3588 257 3661 sive
277 3588 551 3680 nigro-fuscum
569 3587 701 3659 induat
720 3590 785 3658 aut
803 3588 984 3674 turbetur,
1005 3589 1036 3659 si
1057 3587 1206 3678 longius
1226 3591 1380 3680 tempus

179 3736 267 3787 vase
287 3720 384 3789 tecto
409 3715 484 3788 leni
504 3715 627 3786 calore
658 3715 847 3807 repositus
877 3716 997 3789 fuerit.
1033 3714 1155 3807 Duplo
1189 3714 1380 3787 volumine

180 3863 300 3935 aquae
330 3842 467 3932 additu,
487 3863 556 3914 nec
580 3843 695 3933 baryo
715 3840 856 3930 nitrien,
879 3863 948 3914 nec
969 3841 1159 3913 ammonio
1180 3841 1324 3913 oxalico
1345 3846 1382 3912 et
1471 3927 1473 3930 ι

179 3970 510 4063 superabundante
539 3968 730 4042 ammonia
755 3968 881 4041 statim
905 3973 1069 4041 mutetur
1104 3973 1168 4040 aut
1202 3968 1380 4040 turbetur.

180 4098 359 4191 Sextuplu
379 4097 570 4171 volumine
591 4097 744 4190 spiritus
765 4097 841 4169 vini
861 4097 1001 4169 mixtus
1017 4096 1194 4188 limpidus
1219 4099 1381 4168 maneat.

181 4225 275 4299 Cum
296 4225 448 4298 dimidio
473 4224 662 4298 volumine
683 4223 777 4296 acidi
798 4223 964 4296 sulfurici
986 4224 1214 4297 concentrati
1229 4223 1382 4319 mixtus,

180 4353 418 4445 superaffusa
442 4353 625 4426 solutione
652 4353 736 4424 ferri
763 4351 937 4439 sulfurici,
958 4372 1093 4424 zonam
1122 4351 1380 4426 intermediam

180 4483 327 4554 fuscam
360 4501 408 4553 ne
440 4480 579 4572 gignat.
613 4476 654 4551 In
687 4479 826 4571 patella
856 4479 1021 4571 platinea
1058 4485 1303 4571 evaporatum
1345 4482 1382 4549 et

180 4608 420 4682 vehementer
448 4608 668 4680 calefactum
703 4606 851 4679 acidum
889 4605 1039 4678 nonnisi
1059 4606 1219 4696 vestigia
1242 4604 1381 4677 residui

179 4737 376 4829 relinquat,
397 4734 499 4827 quod
517 4734 602 4825 igne
622 4755 700 4806 nou
721 4733 965 4807 consumitur.
