3500 5450
652 526 866 602 ...93-

272 743 455 821 Gramma
487 769 605 821 unum
638 748 727 820 salis
758 747 865 819 acido
886 745 1017 818 nilrieo
1038 750 1364 839 supersuturatum

161 881 199 949 et
232 878 272 950 in
306 879 445 951 balneo
491 899 614 971 equae
649 877 889 969 evaporando
933 875 1125 965 siccatum,
1171 874 1362 947 residuum

163 1006 298 1079 efficiet
313 1006 447 1079 eoloris
458 1027 601 1099 expers,
616 1007 718 1099 quod
734 1004 854 1098 magis
871 1004 1092 1076 calefactum
1106 1004 1217 1097 plane
1233 1002 1362 1075 evolet.

272 1153 542 1245 Praeparalum
561 1152 600 1224 in
618 1152 811 1245 pulverem
831 1151 960 1224 album
980 1150 1168 1241 dilapsum
1187 1148 1308 1239 rejice.

418 1456 749 1563 Ammoniou
776 1453 1100 1571 olilorutum.

272 1661 400 1734 Pulvis
439 1662 688 1755 crystallinuS,
722 1662 843 1750 albuS,
878 1660 1006 1733 odoris
1032 1679 1176 1752 expuo,
1201 1658 1240 1731 in
1265 1681 1365 1751 equa

162 1788 299 1880 frigida
316 1789 436 1879 facile,
470 1791 508 1863 in
543 1789 733 1863 ebullienti
766 1789 912 1862 facilius
946 1787 1097 1882 limpide
1122 1787 1290 1875 solvitur,
1325 1789 1364 1860 in

169 1916 302 2009 spiritu
332 1918 406 1990 vini
436 1940 557 2011 paene
577 1917 785 1990 insolubilis
805 1923 872 2006 est,
893 1917 1093 1989 calefactus
1115 1915 1195 1988 sine
1214 1915 1366 1988 residuo

168 2049 359 2135 evaporat.

278 2171 420 2245 Solutio
441 2172 806 2265 aquose‚reaclionis
826 2172 1007 2260 neutrius,
1023 2194 1107 2245 eum
1119 2172 1216 2244 kalio
1228 2164 1365 2262 hydross

166 2298 328 2390 oxydalo
346 2299 469 2372 soluto
486 2299 676 2387 calefacta,
692 2299 923 2372 ammoniam
938 2300 1085 2386 evolvit,
1107 2321 1191 2371 eum
1208 2304 1365 2390 argento

165 2425 294 2499 uitrico
313 2426 440 2516 mixta,
460 2427 709 2500 sedimentum
729 2427 869 2515 album,
890 2447 1100 2515 caseosum,
1117 2426 1155 2498 in
1175 2426 1365 2500 ammonia

167 2554 325 2628 solubile
345 2555 466 2630 efficit.

278 2683 420 2759 Solulio
441 2707 588 2780 aquosa
603 2687 638 2779 (1
655 2681 742 2785 :l0)
761 2708 832 2760 nee
847 2707 947 2779 aqua
961 2684 1276 2777 hydrosulsurete
1295 2704 1365 2757 nee

166 2812 282 2903 baryo
311 2811 454 2901 uitrico,
492 2834 563 2886 nec
596 2814 704 2886 acido
739 2813 917 2887 sulfurico
947 2813 1064 2886 diluto
1092 2817 1268 2899 mutetur,
1288 2832 1367 2899 nec,

168 2938 274 3011 acido
308 2939 593 3032 hydrochlorico
638 2941 825 3014 aciduleta
859 2946 895 3013 et
928 2941 1043 3032 gultis
1101 2940 1243 3033 aliquot
1280 2938 1367 3012 ferri

169 3065 458 3159 sesquichlorati
473 3068 587 3141 soluti
603 3068 750 3158 additis,
765 3070 881 3141 rubro
895 3069 1017 3141 colore
1031 3068 1368 3160 tingatur.A1nmo·

167 3194 271 3267 nium
291 3193 516 3267 sulfuratum
537 3195 790 3270 sedimentum
807 3197 956 3288 nigium
974 3217 1022 3269 ne
1043 3196 1188 3285 efficiat,
1204 3197 1252 3269 ad
1267 3218 1366 3269 suin-

167 3343 271 3394 mum
292 3321 455 3395 colorem
475 3322 631 3395 viridem
651 3321 756 3395 haud
776 3323 938 3396 solidum
957 3323 1151 3416 producat.

281 3446 459 3521 Gramma
473 3471 591 3523 unum
606 3450 706 3539 salin
721 3473 807 3524 oum
825 3452 920 3523 acidi
935 3451 1055 3523 uitrici
1071 3452 1206 3543 exigua
1221 3452 1366 3544 quenli-

167 3582 242 3650 tale
253 3577 292 3649 in
303 3577 438 3651 balneo
450 3600 570 3671 aquae
583 3579 825 3672 evaporando
837 3579 1229 3672 sicealum‚residuum
1240 3579 1367 3652 album

168 3704 358 3796 praebeat,
379 3705 480 3797 quod
501 3706 633 3779 leniter
649 3706 910 3779 candelaolum
931 3706 1092 3779 colorem
1122 3705 1275 3778 omnino
1291 3726 1368 3777 non

166 3831 303 3921 trahat,
325 3833 392 3905 sed
412 3833 525 3926 plane
545 3835 722 3926 aufugiat.

281 3957 470 4055 Collyrium
491 3960 713 4057 adstrinqene
730 3961 865 4032 luteum.

456 4244 792 4389 Amygelulue
829 4278 1070 4362 umorue.

275 4451 496 4548 Amyndulus
516 4454 707 4524 eommunis
735 4452 870 4546 Linn„
899 4453 985 4526 Ver.
1006 4476 1130 4523 uiliora
1151 4452 1235 4540 Dc„
1256 4453 1366 4524 arbor

164 4580 203 4654 in
218 4578 369 4671 regione
384 4578 659 4652 mediterranea
677 4586 898 4672 spontanea,
918 4582 1019 4673 opud
1037 4602 1108 4653 nos
1125 4580 1234 4653 culta.
1256 4579 1365 4652 Rosa-

164 4731 249 4780 ceoe.
270 4707 442 4780 Pruneoe.
