3500 5450
852 468 1095 541 —1702-

660 680 898 790 bithinm
927 679 1294 790 carbonicum.

477 869 607 942 Pulvis
639 870 758 959 albuS,
793 870 1035 942 candefactus
1073 869 1296 961 liquescens,
1334 868 1564 959 inpartibus

374 998 449 1070 150
470 1019 591 1090 aquae
613 998 801 1087 solubilis;
822 999 959 1072 solutio
979 1004 1037 1072 est
1056 998 1256 1071 reactionis
1278 996 1469 1069 alcalinae.

478 1124 595 1197 Acido
605 1125 1095 1217 hydroehloricodilutosub
1107 1124 1385 1199 effervescentia
1395 1124 1561 1208 solvitur

369 1251 505 1324 solutio
526 1253 573 1325 ad
594 1252 735 1325 siccum
755 1260 970 1347 evaporata,
989 1254 1183 1326 residuum
1202 1251 1359 1345 praebet
1377 1252 1415 1323 in
1434 1251 1562 1345 spiritu

369 1380 446 1451 vini
466 1386 502 1452 et
522 1381 672 1454 aethere
692 1382 797 1454 facile
819 1387 856 1455 et
869 1384 1029 1475 perfecte
1045 1382 1215 1455 solubile.
1236 1380 1364 1453 Pulvis
1384 1378 1462 1451 sive
1482 1378 1562 1470 ejns

368 1508 505 1580 solutio
524 1509 697 1583 flammae
718 1510 881 1583 colorem
903 1512 1119 1584 coccineum
1139 1509 1310 1602 impertit.

478 1636 622 1710 Solutio
643 1660 800 1731 aquosa,
827 1641 933 1713 acido
963 1640 1094 1713 uitrico
1125 1638 1322 1726 acidulata,
1352 1659 1421 1709 nec
1449 1638 1562 1727 baryo

366 1765 509 1854 uitrico,
530 1786 600 1837 nee
631 1772 786 1859 argento
815 1768 959 1856 ultrice,
990 1787 1111 1859 neque
1137 1765 1328 1838 ammonia
1348 1765 1563 1837 abundante

367 1892 505 1983 addita,
523 1895 714 1967 ammonio
736 1895 920 1968 sulfurato
937 1901 1003 1968 aui
1013 1895 1203 1967 ammonio
1224 1893 1368 1966 oxalico
1384 1893 1561 1964 turbetur.

786 2145 1162 2288 byoopodinm.

473 2331 709 2429 Lycopodium
738 2334 909 2407 clavatum
937 2335 1073 2424 Linn,
1108 2334 1303 2407 fruticulus
1331 2352 1486 2424 repens,
1524 2331 1563 2402 in

364 2459 470 2532 silvis
489 2462 678 2535 montanis
699 2483 886 2536 crescens.
912 2462 1200 2559 Lycopodioceae.

473 2589 614 2681 Sporae
634 2611 654 2663 e
675 2591 789 2682 spicis
817 2591 1013 2665 fructiferis
1041 2590 1198 2664 maturis
1227 2608 1408 2662 excussae
1438 2591 1474 2660 et
1496 2607 1563 2678 per

364 2715 525 2790 cribrum
544 2718 730 2810 trajectae,
751 2718 1092 2814 sistuntpulverem
1104 2718 1400 2806 subtilissimum,
1427 2715 1562 2809 pallide

364 2844 517 2936 flavum,
530 2848 692 2920 maxime
704 2847 895 2937 mobilem,
910 2853 1013 2921 tactu
1027 2848 1197 2936 mollem,
1216 2847 1338 2939 digitis
1358 2846 1559 2919 adbaeren-

363 2976 449 3060 tem,
469 2974 642 3047 flammae
661 2975 876 3068 inspersum
896 2976 1085 3050 celerrime
1106 2997 1192 3048 cum
1210 2975 1377 3067 strepitu,
1397 2972 1560 3045 fulminis

307 3118 310 3123 ·
364 3100 492 3189 instar,
518 3100 598 3173 sine
627 3102 730 3175 fumo
760 3104 1044 3195 deflagrantem,
1084 3104 1212 3177 odoris
1242 3102 1468 3195 saporisque
1498 3123 1557 3173 ex·

362 3233 516 3319 perlem,
545 3237 782 3304 constantem
803 3253 822 3304 e
843 3231 985 3305 cellulis
1005 3231 1276 3319 minutissimis,
1306 3230 1560 3321 magnitudine

364 3356 483 3428 boae
518 3359 565 3431 ad
600 3360 718 3432 &03⁰2
752 3359 971 3449 millimetri,
1000 3358 1422 3451 tetraedro-splraericis
1451 3379 1556 3450 pyra·

364 3483 484 3557 mides
514 3486 775 3561 exhibentibus
804 3488 980 3580 trigonas,
1015 3488 1097 3561 basi
1131 3487 1239 3560 valde
1274 3507 1444 3560 convexa
1475 3485 1556 3557 reti-

364 3612 700 3705 culato-costales,
731 3637 891 3709 quarum
921 3615 1047 3707 anguli
1074 3615 1248 3688 laterales
1278 3614 1381 3708 apice
1416 3613 1558 3686 intres

367 3744 519 3812 suturas
548 3747 760 3815 excurrunt.

474 3866 568 3941 Cum
606 3891 706 3962 aqua
744 3875 809 3943 aut
852 3870 1117 3945 chloroformio
1155 3875 1455 3962 conquassatum
1490 3869 1556 3959 Ly·

363 3994 564 4086 copodium
584 3996 789 4089 superficiei
810 3997 964 4087 innatat,
990 4018 1112 4091 neque
1133 3998 1339 4091 quidquam
1359 3997 1396 4069 in
1415 3996 1556 4089 liquore

362 4121 448 4213 ipso
476 4122 665 4215 relinquit;
705 4123 744 4195 in
773 4145 873 4216 aqua
902 4130 1048 4197 coctum
1082 4125 1273 4217 demergit.
1320 4124 1451 4197 Partes
1479 4123 1556 4213 ejus

362 4254 512 4322 eentum
533 4250 752 4324 combustae
770 4252 895 4325 minus
925 4274 1040 4345 quam
1073 4259 1199 4346 partes
1234 4254 1398 4347 quinque
1425 4252 1554 4325 cineris

363 4375 589 4469 relinquant.

470 4504 524 4577 Sit
542 4527 565 4576 a
585 4506 796 4598 quisquiliis
825 4512 862 4580 et
881 4530 995 4582 arena
1026 4510 1197 4601 liberum,
1222 4532 1292 4584 nec
1320 4508 1552 4603 inquinatum

211 4670 216 4679 ·
358 4631 497 4724 polline
512 4634 694 4727 pinorum,
714 4635 918 4710 saturatius
938 4638 1047 4726 flare,
1067 4640 1138 4711 sub
1155 4639 1277 4731 digitis
1295 4639 1380 4711 trito
1400 4637 1553 4711 terebin-
