3500 5450
643 529 855 603 ..95-

367 853 680 961 llxtractum
706 851 924 960 Malatis
952 851 1120 958 neni.

468 1081 710 1159 Extraotnm
734 1080 847 1158 Ferri
870 1079 1033 1182 pomati.

13 1379 15 1390 γ
151 1277 255 1369 Rpe:
286 1273 475 1352 l’onornn
497 1273 721 1352 nott-um
743 1277 965 1351 ntorum
985 1278 1217 1351 contusarum

690 1408 927 1499 yuuuiurulurn
949 1401 1021 1473 trun
1042 1401 1154 1473 nimiu
1244 1405 1348 1475 3000

256 1530 383 1623 Coque
404 1553 491 1605 cum

283 1656 406 1757 Aquae
426 1656 635 1735 losannae
691 1658 881 1752 sufficiente
901 1658 1093 1754 quontitate

146 1807 213 1874 per
234 1786 484 1877 quadrantem
504 1787 630 1875 horae,
655 1786 742 1860 dein
761 1786 879 1858 misce
902 1807 986 1858 cum

285 1911 384 1989 Ferri
405 1912 585 2015 pullenti
654 1914 824 2011 ornamus
843 1914 1048 2010 quirryentis.
1272 1914 1349 1984 500

254 2042 387 2133 Digere
436 2045 590 2135 saepius
631 2043 810 2134 agitando
849 2046 886 2114 et
924 2063 1062 2134 aquam
1106 2046 1348 2134 evaporatam

147 2170 380 2242 restituendo
401 2171 440 2241 in
459 2171 542 2243 loco
563 2170 687 2263 tepido
708 2191 774 2263 per·
795 2170 1216 2262 aliquothebdomadas
1229 2169 1349 2241 donec

143 2297 182 2369 in
220 2319 390 2370 massam
428 2299 573 2389 nigram
615 2298 838 2386 transierint,
889 2319 1002 2389 quam
1045 2297 1193 2369 sacculo
1232 2296 1347 2367 linteo

142 2426 327 2498 inclusam
348 2426 526 2517 exprime.

252 2553 453 2645 Liquorem
474 2553 709 2626 subsidendo
730 2554 955 2647 depuratum
977 2554 1074 2625 liltra
1094 2557 1131 2626 et
1150 2553 1187 2625 in
1206 2552 1342 2624 balneo

145 2702 273 2773 aquae
295 2680 342 2753 ad
363 2680 515 2754 extracti
535 2680 647 2773 spissi
667 2681 947 2755 consistentiam
966 2681 1102 2773 redige.

255 2806 428 2880 Tinctum
447 2808 596 2880 Molutis
615 2807 728 2880 Ferri.

359 3208 872 3318 Emeruclum
915 3204 1122 3342 opat.

140 3427 238 3519 Rpe:
278 3423 357 3526 (lpll
377 3424 561 3526 plltmll
684 3434 884 3522 aroannam
904 3433 1034 3496 centuni
1268 3429 1341 3500 100

279 3551 401 3654 Aque
417 3550 628 3630 destillante
684 3560 885 3650 yrornurotu
904 3554 1104 3649 octinyentu.
1263 3555 1341 3626 800

250 3681 399 3754 Macera
414 3680 568 3774 saepius
589 3681 882 3773 conquassanda
902 3702 970 3774 per
990 3682 1240 3773 quadraginta
1255 3685 1340 3754 octo

141 3807 267 3896 horas
287 3808 471 3901 liquorem
492 3809 577 3881 dein
599 3808 760 3881 defundc
781 3815 817 3882 et
836 3809 989 3881 residuo
1006 3809 1147 3881 fortiter
1162 3830 1340 3902 expresso

138 3936 236 4009 adde

278 4061 400 4163 tique
420 4060 630 4140 destinatae
683 4070 884 4160 quarantula
903 4063 1169 4160 quadringintis.
1263 4064 1342 4137 400

252 4189 345 4263 Post
382 4191 553 4264 iteratam
586 4213 654 4285 per
683 4191 811 4283 viginti
846 4197 1008 4283 quatuor
1040 4190 1155 4265 horas
1174 4212 1341 4266 macera·

137 4318 280 4391 tionem
300 4319 467 4412 liquores
489 4320 776 4394 decanthatione
806 4327 841 4393 et
862 4321 1107 4415 expressione
1138 4321 1279 4394 obtenti
1305 4328 1341 4395 et

137 4446 238 4520 inter
257 4467 298 4519 se
319 4447 508 4521 commixti
533 4449 719 4522 tiltrentur
752 4453 789 4521 et
822 4449 859 4520 in
889 4449 1024 4521 balneo
1045 4471 1166 4541 aquae
1201 4451 1247 4522 ad
1278 4472 1340 4523 ex-

135 4579 299 4647 tractum
321 4574 463 4647 siccum
483 4577 726 4670 evaporando
747 4577 884 4669 redige,
919 4576 1027 4667 cujus
1061 4579 1212 4669 pondus
1231 4578 1340 4651 mini·

133 4723 237 4775 mum
258 4701 307 4773 sit
678 4711 913 4799 yrumnrutunr
935 4705 1204 4802 quinquaqinta.
1289 4710 1339 4779 50
