3500 5450
625 551 836 626 ,59-

130 774 357 845 consumant
382 775 418 843 et
440 769 562 862 liquor
593 771 640 842 ad
670 768 927 842 ebullitionem
952 769 1153 843 calefactus
1186 777 1223 845 et
1250 777 1332 845 tum

129 898 288 971 filtratus
325 919 395 970 nec
434 902 586 988 argento
620 896 751 970 nitrico
791 918 861 969 nec
899 896 1006 969 acido
1045 897 1330 989 hydroehlorico

131 1024 324 1117 aliquanto
342 1025 429 1117 plus
447 1024 628 1097 turbetur.

239 1150 440 1225 Chininum
468 1151 806 1242 hydroehloricum,
842 1173 929 1224 curn
961 1151 1067 1224 acido
1093 1151 1224 1225 uitrico
1250 1154 1329 1227 sive

11 1338 12 1341 ,
130 1300 216 1351 cum
234 1279 331 1352 ferro
351 1278 648 1371 sesquichlorato
668 1279 935 1367 humectatum,
956 1279 1120 1351 colorem
1140 1286 1329 1380 demutet,

130 1427 245 1498 supra
263 1407 403 1480 lamina
422 1406 586 1499 platinea
604 1407 844 1479 fervefactum
862 1407 1023 1499 perfecte
1044 1407 1250 1481 comburat.

240 1534 382 1608 Solutio
416 1556 562 1626 aquosa
590 1532 697 1606 acido
730 1534 1015 1625 hydrochlorico
1044 1533 1230 1607 acidulata
1262 1556 1330 1609 nec

130 1661 246 1752 haryo
266 1662 397 1735 uitrico
417 1662 594 1750 turbetur,
615 1682 683 1733 nec
703 1661 810 1735 acido
831 1661 1008 1734 smsmieo
1020 1662 1136 1734 diluto
1156 1667 1330 1735 mutetur.

409 1944 691 2054 Chininum
716 1946 1048 2063 suliuricum.

265 2228 267 2232 Α
387 2136 602 2219 Chininum
626 2139 863 2218 sulfuricum
886 2140 1080 2218 basinum.

239 2295 410 2389 Crystalli
444 2297 660 2387 aciculares,
699 2299 954 2388 tenuissimae,
991 2299 1135 2386 molles,
1173 2297 1330 2370 sericeo-

11 2502 13 2505 ,
129 2424 299 2513 nitentes,
333 2425 479 2517 saporis
512 2425 621 2498 vaide
651 2426 777 2509 amari,
810 2426 849 2499 in
882 2432 967 2499 atre
986 2425 1086 2498 sicco
1105 2424 1330 2518 fatiscentes

128 2560 213 2625 aere
233 2551 389 2625 humido
403 2552 601 2624 humorem
621 2552 861 2627 attrahentes.
882 2553 925 2626 ln
940 2552 1074 2646 spiritu
1098 2552 1175 2625 vini
1190 2551 1332 2625 fervido

128 2680 233 2754 haud
258 2679 464 2769 difficulter,
489 2680 527 2753 in
554 2702 653 2774 aqua
678 2680 822 2754 fervida
841 2680 968 2754 minus
988 2679 1105 2768 facile,
1135 2680 1175 2752 in
1198 2679 1333 2771 frigida

11 2893 12 2896 Ἴ
131 2807 348 2880 difficillime
369 2808 576 2882 solvuntur.

238 2933 381 3007 Salutio
413 2956 570 3026 aquosa,
596 2935 736 3009 nuliius
762 2940 828 3009 aut
854 2955 933 3007 nou
962 2935 1090 3007 acidae
1119 2933 1337 3027 reactioniS,

130 3067 236 3153 gutta
281 3083 359 3134 una
406 3062 502 3134 acidi
549 3063 717 3136 sulfurici
766 3063 944 3151 admixta,
990 3063 1114 3135 colore
1160 3063 1332 3135 caeruleo

130 3190 330 3263 fluorescit

239 3315 383 3404 Quodsi
405 3316 582 3390 solutioni
612 3339 791 3410 aquosae,
812 3317 949 3410 frigore
969 3322 1173 3407 saturatae,
1202 3316 1332 3409 paulu-

129 3444 208 3515 lum
228 3465 349 3537 aquae
371 3444 489 3517 chlori
519 3466 563 3517 ac
593 3445 679 3517 dein
699 3443 932 3520 ammoniam
950 3443 1202 3531 instillaveris
1232 3445 1334 3516 color

129 3569 257 3643 viridis
286 3571 486 3645 enascitur.
517 3572 662 3645 Solutio
690 3595 836 3666 aquosa
864 3572 981 3663 baryo
1010 3570 1142 3644 nitrico
1167 3571 1333 3644 admixto

130 3697 384 3771 sedimentum
413 3698 551 3786 album,
581 3698 620 3771 in
645 3699 763 3772 acidis
784 3699 984 3773 insolubile
1006 3698 1149 3787 emittit,
1179 3703 1334 3789 argento

129 3824 262 3897 uitrico
282 3847 330 3898 ne
350 3831 469 3899 mutet
516 3881 524 3897 .

239 3952 440 4026 Chininum
476 3953 696 4027 sulfuricum
730 3954 837 4027 acido
867 3955 1048 4028 sulfurico
1086 3954 1166 4027 sive
1200 3953 1333 4026 uitrico

129 4086 369 4154 concontrato
390 4080 646 4154 humectatum
666 4104 714 4155 ne
735 4084 931 4155 coloretur.

238 4207 416 4282 Gramma
443 4231 562 4282 unum
591 4210 681 4282 salis
711 4209 751 4281 in
780 4210 1007 4283 centimetris
1027 4209 1169 4282 cubicis
1189 4214 1333 4300 septem

129 4335 321 4424 mixturae,
360 4358 406 4408 ex
444 4336 635 4410 volumine
673 4359 748 4409 uno
788 4338 943 4431 spiritus
981 4338 1057 4411 vini
1095 4336 1260 4410 absoluti
1298 4342 1334 4409 et

128 4463 384 4536 voluminibus
405 4464 555 4536 duabus
572 4464 823 4538 chloroiorrnii
841 4467 1082 4557 compositae,
1103 4465 1175 4538 suh
1195 4470 1334 4556 tempe·

128 4596 256 4664 ratura
288 4593 474 4664 40--50Ο
513 4593 689 4682 solutum,
728 4593 913 4686 liquorem
949 4593 1137 4686 praebeat,
1177 4591 1239 4684 qui
1276 4593 1335 4663 vel

11 4809 12 4818 ἵ
132 4719 372 4810 refrigeratus
391 4720 504 4812 plane
525 4719 702 4813 limpidus
722 4726 927 4814 permanet.
