3500 5450
912 490 1168 620 --na--¹

774 759 1020 902 limylum
1045 758 1252 877 Tritici.

531 984 699 1056 Triticum
718 985 861 1081 valyare
887 984 1018 1057 Linn.
1054 984 1271 1057 Grmnineae.

529 1109 715 1203 Amylum,
736 1133 756 1184 e
776 1111 959 1184 fructibus
980 1112 1018 1184 in
1034 1112 1194 1184 officinis
1210 1111 1373 1204 propriis
1389 1114 1631 1204 separatum,

420 1238 594 1311 venditur
613 1239 651 1310 in
670 1239 798 1311 frustis
818 1239 1095 1330 irregulanbm,
1115 1239 1288 1311 facillime
1308 1238 1564 1311 dilabentibus
1587 1236 1630 1308 in

420 1366 614 1460 pulverem
630 1366 928 1455 subtilissimum,
949 1367 1077 1439 album
1095 1367 1153 1438 vel
1174 1387 1194 1439 e
1215 1366 1460 1438 subeoemleo
1481 1366 1629 1452 album,

421 1514 593 1585 opacum,
618 1493 744 1566 odoris
775 1498 811 1566 et
829 1493 977 1587 saporis
998 1498 1199 1587 expertem,
1230 1492 1269 1566 in
1294 1514 1395 1584 aqua
1420 1492 1558 1586 frigida
1588 1497 1630 1564 et

420 1621 459 1692 in
480 1620 611 1714 spiritu
630 1621 708 1694 vini
728 1620 979 1695 insolubilem.

528 1747 772 1842 Microseopio
799 1749 1043 1841 exploratum,
1065 1748 1164 1820 sistit
1179 1747 1347 1840 granula,
1370 1767 1532 1838 quorum
1549 1746 1630 1819 alia

421 1881 511 1949 sunt
538 1876 704 1967 minima,
734 1876 956 1970 plerumque
985 1875 1143 1967 globosa
1173 1880 1238 1948 aut
1266 1874 1517 1965 subglobosa,
1549 1872 1630 1944 alia

419 2004 604 2096 permulto
644 2002 800 2093 maj0ra,
822 2003 1006 2076 diametro
1026 2002 1453 2092 0·03-0·036millim.,
1474 2000 1629 2073 orbicu-

420 2130 515 2202 laria
546 2131 605 2203 vel
638 2131 859 2218 summata,
903 2130 1052 2221 singula
1090 2151 1222 2203 eorum
1263 2130 1397 2203 nucleo
1430 2133 1497 2201 aut
1529 2127 1632 2200 rima

421 2257 568 2330 stellata
594 2258 749 2331 centrali
778 2263 815 2331 et
852 2257 980 2330 stratis
1013 2257 1257 2330 concentrieis
1283 2260 1434 2344 ornata3
1464 2254 1632 2347 granula

420 2385 689 2477 magnitudinis
709 2385 854 2458 mediae
873 2385 997 2457 rarius
1017 2384 1268 2458 inveniuntur.

528 2512 654 2586 Pulvis
674 2536 883 2608 nummosua.
912 2512 1124 2610 [laqueatum
1149 2511 1336 2608 Glycerini.

656 2872 963 2981 Antidotum
989 2871 1228 2980 insaniei
1255 2870 1385 2987 albi.

605 3100 858 3205 Magnesiam
881 3100 1238 3202 hydrooxydatum
1255 3100 1295 3177 in
1319 3124 1434 3202 aqua.

357 3373 361 3379 ,
420 3296 517 3387 Rpe:
551 3291 722 3396 Magnesli
745 3292 895 3397 oxydati
1072 3302 1270 3392 qranzmala
1290 3295 1507 3391 sepltmqinla

1128 3425 1279 3519 quinque
1577 3423 1633 3495 75

556 3548 676 3651 Aquae
696 3547 904 3626 destillatae
925 3548 1072 3647 tepidae
1099 3557 1295 3647 qrannaala
1316 3550 1512 3644 qninyenla.
1545 3550 1635 3620 500

529 3677 832 3769 Conquassando
872 3677 910 3749 in
939 3678 1075 3770 lagena
1122 3678 1262 3769 optime
1301 3675 1512 3749 claudenda
1559 3676 1635 3746 mi-

418 3808 596 3878 sceantur
616 3829 660 3878 ex
683 3810 860 3896 tempore.

697 4167 1340 4306 *interamnanam

865 4394 1180 4475 Acetanilidum.

526 4592 715 4664 Lamellae
762 4590 1022 4682 crystallinae,
1071 4590 1284 4676 decoloreS‚
1323 4587 1486 4660 nitorem
1523 4587 1634 4681 adipi

418 4719 580 4791 similem
608 4718 838 4808 exhibentes,
873 4719 1000 4791 odoris
1034 4721 1225 4810 expertae,
1264 4715 1411 4809 saporis
1449 4714 1635 4788 modicae
