3500 5450
666 574 912 645 -me-

292 788 438 863 Galbuli
471 791 608 864 maturi
638 791 793 884 globosi,
826 792 985 881 carnosi,
1015 791 1269 883 magnitudine
1298 793 1381 885 pisi,

182 917 286 1010 apice
318 917 439 990 tribus
472 919 615 992 suturis
650 924 688 993 et
721 920 907 995 tantidem
939 919 1073 1012 gibbis,
1113 919 1196 991 basi
1234 920 1382 995 duobus

182 1043 370 1118 verticillis
391 1067 410 1119 e
430 1047 549 1119 ternis
566 1047 765 1121 bracteolis
785 1047 1076 1140 triangularibus
1097 1047 1223 1136 fuscis,
1243 1048 1383 1142 integu-

182 1179 308 1247 mento
343 1174 523 1247 exteriore
550 1176 589 1248 in
613 1177 826 1250 recentibus
850 1176 1153 1269 nigro-violaceo,
1187 1197 1265 1248 non
1297 1198 1382 1250 raro

182 1302 542 1396 glauco-pruinoso,
571 1304 610 1376 in
635 1305 782 1378 siccatis
815 1305 1210 1397 nigro-luscescente,
1243 1304 1383 1394 glabm,

183 1430 312 1518 nitido,
348 1431 587 1524 sarcocarpio
614 1432 787 1524 pulposo,
818 1432 970 1504 denium
998 1429 1215 1524 spongioso,
1245 1452 1265 1502 e
1294 1432 1382 1504 sub-

182 1558 290 1631 viridi
301 1557 546 1646 lusco,tribus
558 1560 705 1632 nuculis
717 1559 1016 1651 omli-oblongis,
1029 1559 1162 1633 obtuse
1182 1559 1383 1652 triquetris

182 1686 431 1774 verticalibus
470 1687 779 1777 luscescentibus,
819 1689 952 1774 osseis
985 1687 1176 1761 nonnullis
1214 1687 1382 1760 utriculis

184 1813 344 1886 olelferis
363 1814 562 1903 instructis
582 1815 708 1887 odoris
728 1815 932 1903 balsamici,
953 1813 1100 1907 saporis
1122 1814 1316 1888 subdulcis
1347 1820 1383 1887 et

183 1962 271 2015 cum
290 1941 417 2034 aliqua
436 1942 684 2016 amaritudine
706 1943 908 2015 aromatici.

295 2066 401 2141 Roob.
423 2067 592 2165 Spiritus.

565 2374 792 2483 Fructus
817 2374 999 2484 bauri.

295 2579 439 2650 Laurus
467 2579 594 2652 notitia
612 2581 746 2668 Linn.,
777 2583 890 2653 arbor
917 2580 1191 2673 sempervirens
1220 2580 1383 2670 regionis

185 2707 487 2780 mediterraneae.
508 2706 720 2781 Lauroceae.

293 2834 440 2927 Drupae
456 2842 624 2910 maturae
636 2837 797 2910 siccatae
813 2836 1065 2928 unispermae‚
1077 2835 1216 2923 orales
1228 2835 1381 2909 minoris

184 2963 303 3035 cerasi
322 2964 587 3055 magnitudine,
608 2964 814 3057 pericarpio
829 2963 942 3052 tenui,
958 2963 1090 3055 fragili,
1107 2968 1215 3036 extus
1231 2985 1381 3055 rugoso,

183 3112 229 3163 ex
248 3090 354 3162 rusco
381 3090 439 3162 vel
464 3091 627 3163 olivaceo
653 3092 777 3182 nigre,
805 3091 912 3181 cujus
932 3082 1201 3183 endotarpium
1220 3090 1381 3180 fuscum,

184 3217 415 3309 diapbanum
431 3241 516 3291 curn
531 3219 784 3311 integumento
801 3218 924 3291 subtili
938 3218 1092 3290 seminis
1108 3217 1381 3291 exalbuminosi

184 3352 386 3419 cannatum
406 3353 471 3435 est,
510 3347 652 3420 semine
679 3347 718 3419 in
745 3348 887 3438 cotyles
923 3346 1102 3437 geminas,
1129 3347 1205 3418 lere
1237 3345 1380 3417 haemi-

184 3472 412 3564 sphaericus,
442 3475 795 3561 oleoso-carnosas,
822 3472 956 3545 coloris
995 3472 1242 3545 cinnamomei
1276 3472 1381 3544 facile

183 3602 390 3690 secedente,
421 3601 546 3674 odoris
566 3601 763 3694 peculiaris
783 3600 989 3688 balsamici,
1011 3599 1157 3691 saporis
1178 3599 1380 3689 aromatici,

184 3728 302 3802 amari
322 3736 357 3802 et
377 3728 739 3821 sub-adstringentis.

291 3854 533 3951 Enquctstrum
552 3855 709 3928 Metitott'.

336 4165 702 4274 munem
732 4159 1232 4300 Papaverta.

292 4366 454 4460 Papauer
473 4368 699 4459 aelamitarum
720 4366 857 4453 Linn,
877 4366 1007 4458 planta
1027 4386 1154 4437 annua
1174 4365 1378 4449 orientalis

182 4494 283 4585 apud
303 4514 374 4566 nos
393 4494 690 4586 frequentissime
711 4495 820 4575 culta.
842 4494 1114 4588 Papaveraceae.

291 4620 476 4713 Capsulae
515 4623 661 4711 virides
701 4621 1071 4714 glauco-pruinosae,
1107 4626 1191 4692 ante
1228 4622 1379 4712 plenam

181 4749 443 4835 maturitatem,
465 4751 643 4842 quamdiu
669 4772 712 4821 ex
734 4748 913 4821 incisione
934 4768 1069 4821 succus
1089 4750 1233 4819 lacteus
1254 4747 1379 4836 stillat,

289 4884 481 4942 Pharmueopoaa.
1144 4889 1160 4940 9
