3500 5450
659 528 900 601 -195-

288 745 429 817 Charta
447 744 697 838 exploratoris
716 745 849 836 spiritu
868 746 945 818 vini
961 745 1178 819 humectata
1198 746 1270 818 boc
1298 747 1381 819 oleo

180 874 377 945 dumtaxat
396 873 618 965 perpaulum
639 872 810 945 rubebat.

287 999 419 1072 Calore
440 1002 488 1072 0⁰
513 1000 652 1073 diutius
673 999 879 1092 sepositum
901 1000 1052 1072 stearini
1073 1000 1176 1090 nihil,
1207 1001 1265 1074 vel
1285 1022 1378 1073 non-

178 1126 251 1199 nisi
270 1127 479 1220 pauxillum
500 1127 680 1199 demittat.

547 1411 731 1521 (ileum
755 1410 1025 1555 iuniperi.

287 1617 316 1688 E
335 1616 516 1689 fructibus
537 1617 701 1710 Juniperi
719 1624 904 1711 paratum,
935 1618 983 1692 sit
1003 1617 1208 1711 limpidum,
1235 1620 1386 1693 decolor

179 1745 239 1817 vel
259 1765 279 1816 e
298 1742 404 1816 viridi
423 1745 573 1834 flavum,
592 1750 716 1835 tenue,
745 1746 871 1819 odoris
899 1750 935 1819 et
961 1746 1109 1838 saporis
1134 1746 1272 1839 proprii
1301 1768 1382 1818 aro·

179 1871 314 1961 matici,
339 1871 517 1964 ponderis
544 1895 643 1965 spec.
663 1894 797 1946 versus
818 1873 949 1946 0870.
977 1873 1020 1946 ln
1045 1874 1176 1968 spiritu
1196 1873 1271 1946 vini
1293 1895 1382 1945 con-

179 2002 345 2072 centrato
364 2020 499 2091 pamm
519 2001 675 2073 solubile
695 2005 763 2073 est.

294 2126 510 2224 Unpuentum
532 2127 775 2199 aromaticum.
807 2126 1026 2223 Unpuentum
1046 2125 1222 2223 ‘Iuoipmi

582 2411 765 2521 llleum
795 2413 974 2521 Lauri.
1047 2431 1050 2437 ’

288 2638 421 2710 Oleum
437 2658 456 2708 e
471 2636 654 2709 fructibus
666 2636 878 2709 recentibus
889 2636 1000 2708 Lauri
1012 2658 1082 2732 ope
1095 2636 1280 2710 coctionis
1297 2658 1382 2709 curn

179 2788 280 2858 aqua
299 2770 335 2838 et
355 2765 597 2858 expressione
617 2769 801 2857 paratum,
840 2765 1023 2856 unguenti
1052 2764 1233 2838 mollioris
1260 2763 1382 2837 consi·

178 2892 348 2980 stentiae,
358 2892 615 2985 granulosum,
627 2891 762 2964 coloris
779 2891 919 2983 viridis,
938 2892 1064 2964 odoris
1074 2891 1223 2979 laurini,
1233 2891 1379 2983 saporis

178 3019 385 3109 balsamici,
421 3018 540 3092 amari
573 3023 609 3090 et
641 3018 857 3111 unguinosi.
889 3018 944 3091 Sit
976 3018 1014 3091 in
1048 3019 1176 3112 sesqui
1209 3019 1380 3112 partibus

179 3148 341 3222 aetheris
361 3148 472 3240 plane
494 3147 664 3220 solubile.

295 3273 514 3371 Unpueutum
534 3273 777 3346 aromaticum.

494 3577 677 3686 llleum
702 3578 1072 3688 Lavandulae.

289 3803 318 3874 Ε
357 3801 511 3874 floribus
546 3802 785 3875 Lavandulae
823 3808 1006 3894 paratum,
1051 3802 1101 3875 sit
1138 3803 1288 3875 decolor
1327 3804 1385 3875 vel

181 3932 476 4017 subflavescens,
508 3928 716 4021 limpidum,
754 3933 872 4018 tenue,
913 3930 1039 4002 odoris
1074 3929 1209 4001 florum
1243 3930 1386 4002 Lavan-

183 4058 292 4131 dulae
311 4056 521 4149 peculian'S,
542 4056 688 4148 saporis
709 4057 910 4145 aromatici,
930 4055 1058 4145 amari,
1078 4056 1257 4148 ponderis
1285 4078 1384 4148 spec.

184 4184 495 4272 0·885-0·895;
543 4183 712 4256 facillime
760 4184 797 4256 in
855 4184 985 4277 spiritu
1023 4183 1099 4255 viui
1146 4189 1386 4257 concentrato

183 4312 353 4386 solubile.

293 4438 531 4510 [animantum
558 4437 1026 4533 saponem-comptorum.
1063 4435 1228 4511 Μίκωνα
1263 4441 1385 4512 oleoso·

183 4565 385 4638 balsamico.
427 4563 584 4660 Spiritus
620 4571 821 4660 soporantur.
877 4565 1099 4662 Unpuentum
1137 4567 1384 4639 aromaticum.

191 4691 408 4790 Unpuentum
431 4692 634 4789 Diochplon.
666 4691 886 4790 Unpuentum
907 4690 1120 4765 Sabadilloe.

1117 4830 1169 4884 13*
