3500 5450
655 545 898 619 -301-

176 762 365 850 Burettae,
390 759 445 834 sic
464 761 594 852 dictae,
620 762 659 835 in
687 763 906 837 centimetra
933 763 1066 836 cubica
1094 762 1251 857 ejusque
1278 764 1373 837 deci·

285 911 371 962 mas
390 894 518 983 partes
539 890 691 982 divisae,
710 912 869 966 numero
888 891 1086 965 minimum
1106 889 1193 964 duo.

175 1017 341 1110 Pipettae
372 1016 555 1108 diversae,
576 1040 673 1112 quae
699 1021 877 1094 volumen
903 1019 1207 1093 centimetrorum
1226 1019 1374 1093 cubico·

284 1164 371 1217 rum
391 1143 427 1234 5,
451 1144 511 1235 10,
533 1145 596 1236 20,
617 1146 679 1236 25,
701 1148 752 1220 50
772 1151 809 1220 et
832 1146 908 1219 100
929 1152 1058 1221 exacte
1079 1145 1253 1219 indicant.

179 1271 397 1364 Apparatus
415 1270 581 1345 Marshii.

178 1397 396 1491 Apparatus
415 1420 485 1491 pro
501 1399 729 1473 extractione
744 1400 845 1492 gasis
859 1398 1169 1492 hydrosulfnrati,
1185 1400 1375 1492 sullurosi‚

286 1523 413 1614 chlori,
433 1528 502 1599 ets,

177 1652 464 1726 Thermometra
492 1653 579 1743 duo,
609 1675 771 1747 quorum
797 1676 915 1728 unum
937 1660 1213 1748 temperaturas
1242 1655 1372 1728 —150
1447 1685 1455 1724 t

284 1800 407 1872 usque
430 1788 467 1868 ψ
495 1780 609 1870 120⁰,
628 1778 1140 1881 alterumtemperaturas†
1161 1782 1236 1855 120
1255 1804 1376 1874 usque

286 1906 388 1979 300Ο
411 1907 559 1981 indicat

176 2033 314 2107 Tubuli
344 2035 540 2128 capillares
574 2040 610 2109 et
643 2034 746 2109 anuli
780 2037 923 2110 elesuci
952 2037 1001 2110 ad
1025 2037 1375 2111 determinationem

283 2162 423 2254 gradus
443 2162 712 2255 liquescentiae
731 2161 991 2238 inservientes

176 2289 399 2363 Areomelra
413 2290 460 2362 ad
477 2291 751 2384 explorandum
766 2293 916 2385 pondus
931 2292 1151 2386 specificam
1175 2312 1376 2384 corporum

285 2415 486 2490 fluidorum
505 2423 587 2491 tum
606 2440 707 2512 aqua
724 2418 907 2493 leviorum
928 2441 1046 2512 quum
1067 2418 1292 2511 graviorum.

175 2542 533 2619 Alcoholometrum.

177 2669 471 2747 Piknometrum.

177 2798 476 2893 Microscopium‚
496 2823 573 2893 quo
595 2800 776 2894 imagines
796 2806 854 2875 ter
872 2804 930 2875 vel
951 2811 1086 2895 quater
1100 2803 1240 2877 centies
1256 2802 1373 2894 majo·

287 2949 349 3000 res
370 2934 563 3021 augentur.

177 3054 334 3129 l'rutina
371 3057 557 3149 analytica
595 3077 680 3150 qua,
720 3056 752 3130 si
792 3061 950 3150 utraque
987 3059 1075 3132 lanx
1104 3056 1377 3150 quinquaginta

285 3190 537 3276 grammatum
555 3185 721 3278 pondere
741 3190 930 3275 oneratur,
962 3186 1072 3259 onius
1097 3185 1374 3277 milligramma·

283 3309 331 3382 tis
353 3311 649 3404 superpondium
669 3310 867 3386 indicatur.
