3500 5450
667 565 966 637 -1n7-

267 785 633 894 Fructus
667 775 1299 916 Colocnmlhtdia.

298 983 467 1057 Oto-ultus
494 983 710 1079 Colocyntbis
731 983 991 1072 Schrader,
1022 983 1150 1074 planta
1177 1002 1313 1070 annua,
1344 983 1380 1054 in

182 1112 333 1204 regione
362 1112 644 1200 mediterranea,
673 1112 799 1184 Africa
825 1111 970 1203 tropica
1000 1116 1036 1182 et
1054 1109 1145 1180 Asia
1164 1109 1381 1182 occidentali

182 1240 358 1331 indigena
378 1244 414 1312 et
432 1239 577 1332 passim
598 1241 705 1311 culta.
732 1237 1011 1310 Cucurdt'toceoe.

290 1368 435 1440 Barcae
449 1370 620 1438 maturae
635 1366 803 1455 siccatae,
816 1366 862 1437 ab
880 1365 1069 1458 epicarpio
1085 1364 1266 1453 coriace0‚
1281 1365 1380 1438 luteo

181 1495 371 1583 liberatae,
382 1493 648 1585 magnitudinis
659 1493 841 1582 Aurantii,
852 1492 1043 1584 globosae,
1053 1492 1169 1585 pulpa
1180 1491 1381 1581 levissima,

182 1642 353 1710 exsucca,
382 1621 597 1714 spongiosa,
627 1619 966 1708 subflavidoalba,
1002 1619 1256 1708 amarissima,
1295 1640 1379 1692 sex·

180 1749 378 1836 loculatae,
407 1748 444 1820 in
470 1748 635 1821 sectione
665 1753 881 1821 transversa
902 1769 994 1819 cavo
1016 1747 1169 1819 centrali
1189 1746 1380 1820 triradiato

181 1877 319 1964 hiante,
335 1875 602 1948 indesacillime
615 1874 835 1948 secedentes
846 1874 884 1946 iu
896 1875 967 1947 tria
983 1879 1179 1966 segmenta
1194 1873 1381 1947 verticalia

181 2003 396 2090 biloculata,
416 2003 576 2095 plurima
595 2003 741 2076 semina
760 2007 881 2089 ovata,
904 2023 1130 2094 compressa,
1147 2023 1223 2074 non
1243 2003 1378 2094 margi-

181 2136 281 2219 nata,
296 2130 466 2219 nitidula,
482 2131 617 2202 coloris
633 2151 653 2202 e
674 2128 854 2202 subviridi
872 2129 1119 2203 suscescentis
1140 2130 1378 2203 continentia.

291 2256 505 2329 Seminibus
524 2257 678 2331 remotis
700 2255 959 2328 adhibeantur.

291 2383 505 2457 Extractum.

500 2707 726 2817 Fructus
756 2706 1060 2817 coriandri.

294 2931 530 3005 Coriondrum
559 2936 711 3006 sativum
739 2933 875 3024 Lino,
905 2932 1033 3025 planta
1062 2953 1189 3004 annua
1208 2931 1380 3024 Europae

180 3060 366 3148 australis,
389 3061 489 3153 apud
508 3082 579 3134 nos
601 3060 710 3134 culta.
739 3058 986 3155 Umbeiliferoc.

289 3188 552 3281 Schizocarpia
584 3189 695 3281 plane
724 3193 872 3260 matura
900 3187 1050 3277 siccata,
1076 3189 1251 3279 globosa,
1279 3188 1380 3260 intus

181 3336 284 3403 cava,
299 3317 424 3408 calyce
441 3315 759 3408 quinquedentato
772 3319 962 3404 coronata,
974 3322 1136 3407 quatuor
1150 3317 1197 3388 ad
1214 3315 1379 3407 quinque

179 3442 389 3517 millimctra
403 3443 441 3515 in
458 3443 651 3532 diametra,
663 3443 889 3516 ochroleuca
903 3443 961 3516 vel
976 3443 1237 3532 iuscescentia,
1248 3443 1379 3533 laevia,

180 3568 319 3659 glabra,
330 3570 369 3642 in
379 3570 523 3643 ambitu
535 3571 664 3642 decem
676 3570 981 3662 costisprimariis
993 3571 1191 3662 depressis
1201 3570 1380 3644 flexuosis

179 3700 215 3767 et
229 3697 342 3769 tantis
357 3697 472 3770 costis
489 3697 724 3769 secundariis
741 3698 1054 3789 prominentibus,
1075 3697 1262 3785 carinatis
1282 3697 1381 3769 vittis

179 3822 276 3894 inter
295 3829 420 3897 costas
445 3824 569 3912 nullia
595 3825 632 3896 io
653 3825 905 3898 commissura
925 3825 1092 3917 geminis
1122 3825 1248 3897 odoris
1277 3830 1379 3916 grate

180 3951 389 4041 aromatici,
409 3952 556 4044 saporis
577 3953 780 4039 aromatici,
802 3952 1006 4025 subdulcis

288 4077 394 4173 Aqua
413 4080 653 4151 carminatico.
676 4078 833 4174 Spiritus
853 4081 1079 4150 aromaticus

518 4402 746 4511 Fructus
773 4403 1044 4511 bubobac.

288 4604 399 4701 Piper
432 4604 566 4679 Cubedo
594 4608 719 4681 Linn.
751 4609 812 4701 fil,
842 4611 964 4683 frutex
986 4609 1172 4682 scandens
1192 4608 1230 4680 in
1250 4608 1382 4681 insulis
1490 4646 1493 4651 ·

181 4732 274 4804 Java
294 4738 331 4805 et
350 4733 528 4806 Sumatra
546 4743 778 4828 spontaneus
800 4743 836 4810 et
856 4739 987 4811 cultus
1008 4736 1228 4831 Piperoceac.
1330 4771 1332 4774 ·
