3500 5450
660 558 899 629 -099-

179 774 282 846 solve
315 773 352 845 in
386 775 590 866 cucurbita,
613 795 710 867 quae
745 773 1001 848 circumducta
1035 775 1133 847 linea
1162 796 1380 848 mensuram

183 901 384 974 semilitrae
405 908 532 975 exacte
553 903 692 975 indicat
710 901 749 974 in

320 1026 441 1128 lqaae
462 1026 670 1105 destillatae
690 1053 721 1125 q.
743 1053 786 1121 a,

182 1161 222 1227 ut
244 1176 424 1229 mensura
444 1156 642 1229 semilitrae
663 1156 775 1250 plane
795 1157 994 1249 repleatur.

289 1283 434 1357 Solutio
450 1284 598 1372 filtrata,
620 1283 729 1377 quus
745 1285 906 1376 quodvis
928 1284 1188 1357 centimetrum
1209 1286 1386 1358 cubicum

183 1412 393 1502 aequivalet
408 1411 698 1504 milllgrammati
710 1411 774 1483 uni
792 1411 887 1483 acidi
903 1410 1181 1503 lrydrocyaniel‚
1198 1412 1234 1484 in
1251 1415 1388 1505 lagena

186 1540 371 1613 exsiccata
391 1540 530 1633 optime
552 1541 682 1613 clausa
701 1546 882 1613 servetur.
1401 1531 1406 1540 ⁴

245 1861 422 1949 Salutio
439 1862 562 1946 Kalll
582 1864 987 1967 hypermuugonlci
1008 1863 1323 1947 volumetrloa.

446 2033 480 2122 (1
507 2032 816 2106 CC=0·00316
837 2055 930 2126 μω.
950 2031 1123 2122 nornen.

321 2211 415 2290 llalii
435 2211 754 2313 hyper-augaulei
774 2213 1011 2315 crystallisatl
1033 2213 1113 2314 pari

414 2349 613 2438 qromnrotu
632 2342 704 2414 trio
722 2349 752 2414 et
769 2344 1054 2440 caeliqrunrmcto
1071 2342 1210 2415 sederim
1268 2343 1384 2416 alon

184 2467 418 2542 exactissime
444 2475 604 2562 pensata
632 2470 788 2543 immitte
817 2470 855 2542 ln
876 2471 1119 2556 cucurbitam,
1149 2492 1245 2562 quae
1273 2471 1385 2543 unius

183 2595 287 2670 litrae
321 2617 542 2669 mensuram
576 2596 833 2671 circumducta
864 2599 964 2671 linea
1004 2603 1133 2672 exacte
1171 2597 1311 2671 indicat
1347 2606 1385 2670 et

187 2725 294 2798 solve
314 2725 352 2798 in

314 2850 437 2952 Aquae
457 2850 669 2930 destinatae
690 2860 814 2928 aeetae
835 2875 878 2929 ae
897 2852 1140 2953 refrigeratae
1160 2878 1191 2950 q.
1215 2880 1258 2946 a,

178 2986 218 3052 ut
238 3001 315 3052 una
334 2980 419 3053 litra
436 2980 635 3054 solutionis
655 2980 876 3053 obtineatur.

288 3106 522 3179 Solutionem
561 3129 672 3180 serva
709 3107 746 3180 in
784 3106 922 3198 lagena
956 3107 1143 3180 exsiccata
1177 3107 1383 3199 epistemeo

179 3233 300 3306 vitreo
322 3234 453 3306 clausa
472 3255 496 3306 a
513 3233 597 3307 luce
618 3239 776 3306 remota.

263 3415 265 3419 «
288 3361 417 3436 Stante
446 3361 656 3453 integritate
685 3360 902 3454 incorrupta
930 3362 1015 3435 kalii
1044 3362 1378 3454 hypermauganici

179 3488 337 3579 quodvis
397 3489 658 3562 centimetrum
719 3487 890 3561 cubicum
951 3488 1149 3562 solutionis
1210 3491 1377 3564 continet

179 3617 351 3689 000316
380 3622 592 3709 grammata
624 3616 709 3688 kalii
742 3616 1083 3709 hypermangonici,
1119 3638 1206 3691 cum
1240 3619 1377 3710 quibus

180 3744 323 3816 00063
363 3749 574 3834 grammata
612 3743 708 3816 acidi
748 3744 881 3817 oxalici
916 3745 1149 3836 crystallisati
1184 3753 1381 3838 praesente

179 3872 285 3944 acido
313 3871 489 3943 sulfurico
520 3871 590 3944 sub
619 3875 872 3964 temperatura
906 3872 1004 3944 1000
1036 3873 1148 3965 plane
1179 3873 1378 3965 decompo-

178 4004 327 4071 nuntur.
366 3999 461 4071 Hinc
487 3998 660 4090 aequalia
688 3998 880 4072 volumina
914 3999 1144 4073 solutionum
1177 4007 1259 4075 tum
1291 4001 1378 4073 kalii

179 4125 512 4219 hypermanganici
550 4146 669 4218 quum
707 4126 994 4200 alcalimetricae
1041 4150 1082 4201 se
1121 4129 1283 4203 invicem
1329 4130 1382 4201 ita

179 4254 1187 4349 decomponunt,utreactionepe1·ractacolorliquoris
1208 4256 1379 4351 permixt‘

181 4388 245 4454 aut
263 4383 390 4455 nullus
410 4383 458 4456 sit
483 4388 547 4455 aut
567 4382 694 4456 addita
713 4387 820 4475 gutta
838 4383 924 4456 kalii
941 4383 1274 4477 hypermanganici
1293 4383 1379 4455 levi·

180 4517 235 4581 ter
254 4532 434 4583 rosaceus
455 4509 602 4583 evadat.
