3500 5450
643 526 855 601 ..95-

151 770 218 821 sus
243 747 434 840 deflagrat,
468 746 662 819 flammam
692 747 808 819 edens
838 747 986 833 flavam,
1020 744 1191 831 lucidam,
1227 743 1348 834 fuligi-

150 895 297 964 nosam,
317 875 466 948 residuo
486 874 589 947 nullo
609 874 748 947 relicto.

261 1001 404 1091 Quodsi
432 1001 607 1074 solutioni
638 1002 725 1074 ferri
745 1001 914 1075 sulfurici
934 1000 1217 1093 superfunditur
1236 1000 1349 1092 Amy-

151 1129 241 1201 lium
250 1130 444 1219 nitrosum,
455 1129 559 1202 brevi
575 1135 744 1222 tempore
761 1151 805 1203 eo
820 1130 947 1222 plano,
960 1150 1035 1221 quo
1052 1128 1168 1201 ambo
1186 1127 1351 1220 liquores

151 1254 248 1329 inter
266 1278 306 1329 se
327 1256 556 1348 contingunt,
577 1255 679 1329 color
696 1256 826 1329 fuscus
845 1255 1025 1329 nascitur.
1139 1332 1143 1337 ,

261 1385 315 1458 Sit
350 1385 547 1458 reactionis
567 1384 737 1457 neutrius
775 1389 837 1458 aut
878 1384 926 1456 ad
946 1405 1137 1456 smnmum
1171 1381 1351 1455 acidulae.

154 1509 296 1599 Quodsi
315 1511 449 1604 Amylii
473 1512 605 1585 nitrosi
629 1513 807 1585 volumen
834 1533 964 1600 unum,
995 1532 1080 1585 cum
1100 1509 1352 1583 voluminibus

152 1639 270 1712 tribus
303 1639 486 1713 mixturae
516 1662 560 1712 ex
604 1639 823 1732 aequalibus
863 1639 1034 1732 partibus
1068 1638 1278 1710 ammoniae
1318 1643 1354 1710 et

154 1766 286 1859 spiritu
305 1766 381 1839 vini
399 1767 586 1856 absoluto,
613 1765 761 1859 adjecta
786 1766 922 1860 exigua
939 1771 1046 1860 parte
1067 1764 1210 1857 argenti
1236 1763 1354 1836 uitrici

155 1894 277 1983 soluti,
286 1894 419 1967 leniter
431 1895 564 1983 calefit,
574 1915 621 1967 ne
634 1896 797 1968 colorem
808 1894 958 1968 fuscum
968 1915 1063 1967 neve
1074 1893 1222 1984 nigrum
1233 1892 1353 1965 ducat.

265 2021 565 2114 Conquassando
592 2023 769 2115 aequales
807 2027 936 2114 partes
973 2020 1110 2113 Amylii
1147 2020 1281 2093 nitrosi
1318 2025 1355 2093 et

156 2171 279 2241 aquae
300 2149 508 2224 destillatae
526 2149 704 2224 volumen
725 2150 877 2223 alterius
898 2149 958 2222 vix
979 2153 1172 2241 augeatur.

265 2277 440 2350 Servetur
467 2300 490 2350 a
515 2278 598 2351 luce
618 2283 816 2367 remotum,
844 2278 883 2350 in
911 2276 1013 2350 vasis
1033 2276 1128 2348 bene
1149 2275 1299 2348 siccatis
1320 2279 1355 2347 et

157 2403 308 2478 clausis,

475 2618 715 2760 Amylum
743 2619 1048 2737 Murantac.

619 2794 884 2875 Arrow-root

266 2931 438 3004 Movcnlo
458 2934 698 3007 arundinaccc
717 2934 852 3025 Linn.,
872 2936 1002 3026 planta
1021 2934 1060 3005 in
1085 2932 1220 3005 insulis
1239 2930 1355 3004 Antil-

157 3057 254 3130 lanis
282 3063 506 3151 spontanea,
536 3060 574 3133 in
594 3061 765 3154 pluribus
784 3061 896 3134 terris
916 3060 1069 3153 tropicis
1090 3060 1200 3147 culta,
1226 3058 1356 3131 forsan

158 3184 272 3258 etiam
291 3186 385 3258 aliae
404 3184 595 3258 Maroneae
613 3187 770 3280 species
791 3186 1041 3259 Maranmceoe.

265 3312 452 3405 Amylum
487 3336 506 3387 e
539 3314 745 3387 rhizomate
779 3314 960 3387 tuberoso
989 3318 1221 3407 separatum,
1258 3312 1359 3385 sistit

157 3441 352 3533 pulverem
372 3442 622 3531 albissimum,
643 3463 815 3536 opacum,
836 3442 1138 3529 subtilissimum,
1158 3441 1359 3513 inodorum

159 3568 458 3661 insipidumque,
526 3570 779 3663 compositum
826 3591 846 3642 e
894 3569 1062 3660 granulis
1110 3568 1358 3662 simplicibus,

158 3697 381 3788 plerumque
407 3697 541 3786 ovatiS,
562 3695 874 3789 subcompressis,
895 3695 1077 3769 diametro
1097 3692 1359 3787 longitudinali

159 3822 454 3897 Ouid—0054
473 3824 627 3914 millim.‚
646 3823 774 3897 stratis
793 3823 1004 3897 tenerrimis
1024 3821 1244 3896 excentricis
1265 3825 1302 3893 et
1320 3820 1360 3892 in

157 3950 309 4042 regione
330 3950 503 4024 diametri
523 3951 731 4025 transversi
750 3950 897 4024 latioris
912 3951 1046 4024 nucleo
1067 3950 1179 4038 claro,
1202 3949 1360 4042 paulurn

159 4078 370 4152 excentrico
390 4084 456 4151 aut
473 4078 611 4151 rimula
629 4084 850 4152 transversa
868 4078 1019 4151 notatis.

268 4207 366 4279 Cave
409 4226 455 4278 ne
498 4206 547 4279 sit
586 4206 841 4280 adulteratum
874 4206 1011 4298 Amylo
1037 4204 1168 4298 Tritici,
1213 4203 1359 4302 Oryzoe,

159 4333 295 4407 Muidis
331 4339 397 4406 aut
430 4333 556 4407 Saloni
588 4332 758 4427 tuberosi,
801 4354 895 4407 neve
929 4333 1152 4406 adhibeatur
1183 4332 1360 4425 Amylurn

160 4462 317 4535 aliarum
336 4462 549 4554 plantarum
574 4462 644 4535 sub
676 4461 810 4535 eodem
827 4460 981 4534 nomine
1018 4460 1287 4548 „Acron-mod
1324 4461 1362 4532 in

159 4595 372 4663 mercatura
405 4611 628 4678 occurrem,
667 4594 709 4661 ut
735 4587 905 4685 Amylum
944 4587 1149 4678 Carmentae,
1191 4588 1361 4683 Amylmu

159 4716 257 4812 Suqi,
280 4716 444 4813 Amylum
464 4716 631 4807 Muuihol,
656 4716 820 4813 Amylum
840 4715 998 4788 Bonitas.
