3500 5450
183 770 366 855 Aether.

183 916 353 1001 Aether
371 917 582 1021 pctrclci.

293 1066 385 1160 EJus
413 1070 565 1161 pondus
598 1070 815 1164 specificum
850 1072 951 1146 ultra
981 1073 1101 1146 0·675
1135 1091 1183 1143 ne
1217 1071 1385 1143 excedat.

186 1194 325 1268 Charta
340 1195 468 1269 bibula
483 1217 528 1270 eo
544 1198 697 1286 imbuta,
713 1203 868 1291 peracta
884 1199 1131 1288 exhalatione,
1145 1218 1216 1270 nec
1232 1198 1388 1271 odorem

183 1344 252 1397 nec
270 1324 459 1397 maculam
479 1324 665 1399 exhibeat

183 1482 437 1567 Ammonia.

183 1627 473 1712 Ammonium
490 1628 785 1715 curbonloum
802 1636 842 1727 (3
859 1656 983 1728 aquae
999 1639 1037 1707 et
1056 1634 1071 1705 l
1092 1633 1333 1726 ammoniae).

184 1774 474 1858 Ammonium
495 1775 752 1859 cblcratum
774 1781 809 1872 (1
828 1782 902 1872 ιθ).

184 1920 472 2004 Ammonium
491 1919 723 2004 exallcum
744 1927 778 2018 (1
797 1928 869 2018 ιθ).

184 2066 474 2151 Ammontum
494 2064 785 2151 sulfuratum.

295 2216 440 2308 Liquor
458 2238 504 2290 ex
523 2216 717 2290 ammonia
732 2218 964 2291 saturatione
981 2239 1067 2291 cum
1086 2239 1176 2309 gase
1190 2216 1387 2309 hydrosul·

190 2347 317 2421 furato
336 2345 415 2418 loto
434 2350 604 2437 paratuS,
633 2345 828 2437 magnesio
848 2346 1025 2419 sulsrm'eo
1044 2346 1168 2419 soluto
1188 2344 1315 2417 addito
1340 2363 1388 2414 ne

184 2475 365 2550 turbetur.

183 2624 421 2712 Anlllnum
441 2628 729 2716 sulfuricum.

181 2770 310 2876 Aqua
328 2776 485 2862 calcis,

182 2916 309 3021 Aqua
328 2920 493 3006 chlori.

186 3062 313 3166 Aqua
330 3065 721 3169 hydrusull‘uratu.

292 3215 403 3309 Aqua
433 3219 634 3310 destillata,
663 3219 862 3312 coquendo
892 3219 939 3292 ab
960 3227 1046 3294 aere
1064 3220 1224 3294 liberata
1243 3225 1281 3294 et
1300 3219 1386 3293 dein

183 3342 412 3437 refrigerata,
430 3351 620 3420 saturetur
631 3368 716 3421 cum
728 3368 819 3439 gase
834 3347 1141 3439 hydrosulsurato
1155 3347 1244 3437 totu,
1265 3345 1386 3420 donec

184 3492 273 3561 pars
300 3479 473 3567 exempta
498 3475 595 3548 ferro
623 3474 924 3567 sesquichlorato
950 3476 1078 3549 soluto
1107 3473 1235 3548 addita
1260 3474 1386 3548 statim

185 3602 222 3670 et
241 3599 384 3673 fortiter
401 3600 583 3675 lactescit.

186 3757 433 3860 Argentum
452 3758 671 3844 ultricum
691 3767 818 3857 (129).

185 3902 385 4006 Baryum
404 3905 708 3990 carbunicum.

185 4048 386 4150 Burrum
405 4050 675 4135 chloratum.

186 4196 385 4299 Baryum
405 4195 622 4280 nitrtcum
642 4202 678 4292 (1
695 4203 767 4291 :et

186 4339 449 4426 Bcnrlnum.

299 4473 391 4565 ujus
411 4474 564 4567 pondus
589 4472 807 4565 specificum
826 4492 874 4546 ne
895 4474 944 4546 sit
962 4473 1058 4546 infra
1073 4474 1191 4546 0·680
1206 4494 1277 4547 nec
1290 4473 1389 4546 ultra

192 4601 322 4675 0700.
352 4600 517 4674 Ebulliat
548 4621 681 4675 versus
715 4606 1009 4692 temperaturam
1040 4601 1239 4675 60-800.
1269 4599 1390 4694 Super

194 4728 363 4802 chartam
382 4729 550 4804 bibulam
571 4729 725 4803 delusus
742 4728 866 4802 avolet
880 4729 1113 4803 remanentia
1127 4731 1233 4803 nulla
1246 4728 1389 4802 relicta
