3500 5450
891 494 1105 573 ...40-

394 720 458 791 lat.
488 715 607 810 Magis
631 723 875 792 concentrata
894 716 926 813 (1
941 719 1024 810 1920)
1046 718 1158 811 guttis
1178 717 1368 792 nonnullis
1392 715 1607 792 solutionis

395 846 481 918 kalii
513 845 788 939 hydrooxydati
821 847 1002 937 turbetur,
1036 868 1114 920 non
1145 869 1235 920 vero
1278 848 1470 920 ammonia
1519 844 1608 917 sive

396 974 585 1047 ammonio
607 975 816 1048 carbonicu

505 1119 648 1211 Exigua
667 1120 789 1212 portio
809 1120 980 1214 Atropini
1000 1120 1177 1209 sulfurici,
1202 1121 1317 1213 guttis
1338 1122 1480 1214 aliquot
1501 1119 1606 1193 acidi

396 1245 517 1320 nitrici
551 1248 731 1320 sumentis
773 1248 900 1335 mixta,
934 1254 1046 1340 atque
1072 1249 1111 1321 iu
1129 1249 1264 1321 balneo
1298 1270 1420 1340 aquae
1444 1249 1606 1333 siccata,

396 1373 592 1448 residuum
625 1375 784 1463 exhibet,
823 1376 927 1468 quod
964 1376 1222 1467 refrigeratum
1256 1397 1342 1448 oum
1381 1381 1487 1467 gutta
1522 1395 1607 1448 una

397 1501 593 1575 solutionis
631 1503 853 1594 spirituosae
875 1500 962 1574 kalii
980 1501 1254 1594 hydrooxydati
1269 1503 1454 1595 extemplo
1471 1502 1606 1574 colore

398 1629 566 1704 violaceo
586 1630 624 1702 in
643 1630 799 1702 rubrum
818 1635 1035 1703 transeunte
1054 1630 1225 1702 inficitur.

505 1775 766 1868 Milligramma
781 1797 899 1847 unum
909 1776 1079 1869 Atropini
1096 1776 1261 1849 sulfurici
1281 1776 1319 1848 in
1334 1776 1464 1850 tubulo
1480 1774 1606 1847 vitreo

397 1922 519 1994 usque
540 1903 588 1975 ad
608 1903 860 1977 evolutionem
880 1904 1029 1996 vaporis
1050 1904 1123 1975 albi
1142 1903 1386 1976 fervefactum
1406 1908 1452 1991 et,
1473 1924 1605 1994 gram·

398 2034 498 2103 mate
523 2051 600 2103 uno
627 2035 663 2102 et
692 2030 843 2103 dimidio
869 2029 965 2103 acidi
996 2030 1163 2103 sulfurioi
1183 2030 1413 2105 concontrati
1439 2028 1606 2120 adject0,

398 2179 540 2245 rursus
567 2158 686 2230 donec
710 2157 923 2231 furvesoere
946 2157 1112 2250 incipiat,
1138 2157 1370 2245 calefactum,
1397 2157 1542 2243 emittit,
1571 2155 1608 2226 si

399 2289 609 2376 grammata
625 2286 699 2357 dno
720 2306 841 2376 aquae
858 2284 1058 2372 addideris,
1079 2285 1235 2357 odorem
1253 2304 1420 2370 suavem,
1435 2282 1607 2355 maxime

398 2413 638 2505 peculiarem,
677 2412 741 2502 qui
774 2412 989 2502 crystallulo
1010 2411 1094 2483 kalii
1110 2411 1441 2504 hypermanganici
1459 2409 1608 2502 injecto

400 2540 438 2612 in
457 2540 611 2612 odorem
631 2537 702 2611 olei
722 2540 1006 2630 amygdalarum
1029 2559 1245 2610 amararum
1266 2539 1428 2611 aetherei
1448 2537 1605 2611 transit.

783 3081 1037 3245 axungia
1061 3079 1233 3196 Porci.

844 3308 986 3412 Adeps
1010 3309 1161 3388 suillus,

508 3501 682 3593 Axungia
714 3503 815 3596 porci
839 3504 982 3576 venalis
1016 3509 1197 3597 purgetur
1225 3503 1490 3595 liquefactione
1516 3524 1608 3575 cum

399 3651 500 3722 aqua
535 3629 666 3702 calida.
696 3630 806 3702 Elota
837 3635 874 3702 et
908 3631 955 3702 ab
989 3652 1088 3722 aqua
1121 3636 1377 3723 temperatura
1407 3633 1504 3702 1000
1539 3630 1605 3701 vix

400 3757 595 3830 excedenti
620 3758 715 3829 inter
740 3756 982 3849 agitationem
1000 3762 1223 3850 perpetuam
1243 3758 1401 3831 liberata
1419 3757 1467 3829 sit
1486 3756 1603 3829 albis·

345 3858 351 3866 ’
398 3885 504 3973 sima,
529 3884 606 3957 fere
630 3884 803 3972 inodora,
832 3885 979 3977 saporis
998 3884 1136 3974 blandi,
1166 3906 1245 3957 uon
1278 3886 1419 3958 rancidi
1449 3890 1485 3958 et
1510 3905 1603 3956 oon-

397 4013 592 4087 sistentiae
608 4011 788 4102 unguenti
808 4011 943 4084 mollis.

506 4156 666 4250 Spiritus
693 4155 768 4227 vini
800 4155 966 4227 fervidus
1000 4177 1162 4228 cumea
1191 4160 1484 4247 conquassatus
1518 4160 1604 4228 tum

396 4283 636 4374 refrigeratus
681 4287 719 4356 et
754 4280 901 4374 aequali
938 4287 1045 4374 parte
1086 4304 1206 4374 aquae
1241 4282 1393 4372 dilutus,
1428 4283 1602 4356 chartam

397 4410 685 4503 exploratoriam
703 4432 751 4483 ne
771 4413 900 4482 mutet.

367 4633 370 4636 ¹
504 4538 670 4633 Aaurrqiu
686 4538 792 4611 Porci
807 4535 977 4610 heneooto.
995 4535 1154 4609 Ceratum
1169 4537 1321 4630 friscam.
1342 4537 1438 4630 Sapo
1459 4537 1603 4610 medici-

394 4665 496 4736 nalis.
517 4663 734 4759 Emplastra.
763 4665 951 4762 Unguento.
