3500 5450
875 547 1121 620 -XVl-

401 767 593 852 ouanhae
633 767 810 882 opiatus.
855 765 1051 852 Decocto
1090 767 1323 854 Zittmanni
1365 767 1510 855 locum
1555 771 1598 855 in

402 925 549 1014 codice
574 928 757 1044 amplius
787 927 1023 1017 concedere
1052 960 1139 1018 non
1161 942 1429 1042 convenerat,
1463 963 1598 1050 quum

401 1091 622 1177 saeculnm
664 1090 771 1178 illud
809 1092 996 1194 linteum,
1053 1092 1171 1208 quod
1208 1105 1374 1210 praeter
1418 1096 1502 1183 alia
1556 1107 1600 1184 et

402 1253 678 1342 Cinnabarim
698 1256 905 1343 factitiam
927 1264 1055 1374 atque
1073 1256 1405 1375 Hydrargyrum
1427 1260 1599 1348 chlora

400 1425 492 1503 tum
535 1420 638 1506 mite
692 1417 881 1529 includit,
939 1422 1058 1507 omni
1102 1421 1325 1511 chemicae
1380 1421 1598 1512 doctrinae

400 1591 610 1699 repugnat
631 1590 674 1670 et
695 1582 820 1699 plane
859 1583 1018 1670 nullius
1051 1584 1225 1672 effeetus
1248 1587 1527 1703 therapeutici
1549 1617 1598 1675 se

400 1745 615 1863 praebeat,
656 1746 774 1835 aliud
812 1776 915 1834 vero
950 1746 1177 1835 discrimen
1216 1750 1324 1837 inter
1355 1752 1596 1839 Deooctum

399 1910 631 1997 Zittmanni
654 1922 696 1999 et
711 1912 953 1999 Decoetum
975 1913 1279 2029 Sarsapan‘llae
1309 1918 1598 2032 compositum

399 2104 486 2162 non
509 2085 683 2163 constet.

510 2242 651 2355 Aegre
676 2253 717 2328 et
738 2242 909 2328 nonnisi
946 2271 1048 2330 usus
1086 2244 1310 2331 inveterati
1347 2255 1438 2333 turn
1460 2245 1600 2333 medi-

400 2434 549 2492 corum
578 2405 819 2522 aliquorum
860 2436 992 2523 quum
1028 2406 1166 2523 plebis
1205 2411 1345 2523 gratia
1383 2409 1598 2526 quaedam

400 2578 650 2684 praeparata
672 2570 735 2656 sic
757 2569 868 2657 dicta
887 2572 1042 2660 Caleni
1065 2583 1107 2660 et
1127 2574 1338 2689 imprimis
1356 2573 1598 2688 Collyrium

401 2733 667 2849 adstringens
690 2734 865 2847 luteum,
890 2737 1011 2852 cujus
1028 2739 1155 2855 plane
1169 2740 1459 2827 irrationalem
1477 2766 1599 2826 oom-

400 2897 663 2987 binationem
685 2898 994 2989 distinctissimi
1024 2903 1346 3020 ophthalmiatri
1367 2903 1600 2991 abhorrent

400 3070 442 3150 et
462 3064 508 3148 in
529 3092 691 3150 novum
714 3065 908 3153 codicem
930 3068 1174 3182 pertrahere
1196 3072 1429 3157 necessitas
1453 3068 1597 3156 suasit

398 3226 458 3317 Ut
478 3237 668 3316 attamen
707 3228 864 3318 damna
889 3260 943 3318 ex
974 3235 1119 3350 inepta
1141 3233 1427 3351 applicatione
1468 3232 1597 3348 hujus

506 3461 592 3517 Nota.
610 3461 763 3517 'linoturae
784 3461 920 3518 methodo
940 3480 1024 3534 supra
1046 3465 1171 3520 indicata
1193 3470 1223 3520 et
1243 3468 1353 3521 ratione
1378 3469 1420 3520 1:
1442 3467 1476 3520 10
1494 3464 1600 3520 effecta

397 3567 474 3617 sunt:
496 3563 632 3619 'linctura
650 3564 777 3633 Aoouiti,
790 3564 982 3621 Belladonnae
1004 3565 1105 3636 folior,
1130 3566 1337 3634 Cantharidum,
1361 3566 1495 3632 Colchiei,
1519 3564 1600 3633 Digi-

396 3663 471 3732 tnlis,
485 3664 706 3736 ipeeaouanhac,
718 3667 864 3737 Lobeliae,
874 3665 1016 3735 strychni,
1031 3666 1095 3736 Opii
1107 3668 1199 3738 simpl.
1214 3671 1243 3722 et
1256 3672 1378 3722 crocata.

506 3765 640 3820 Methodo
672 3767 872 3835 persolutionis
904 3772 1035 3834 parantur
1065 3766 1212 3822 Extracta:
1244 3767 1371 3836 Adonin,
1404 3763 1599 3821 Belladonuae

397 3864 534 3931 foliorum,
567 3866 681 3936 Calami,
714 3867 874 3937 Calumbae,
907 3867 1049 3923 Cannabis
1079 3868 1202 3937 Indicae,
1241 3866 1468 3937 Colooynthidis,
1505 3864 1598 3930 Conii,

397 3967 540 4036 Cubebae‚
553 3967 648 4021 Filiois
658 3970 749 4035 maris,
759 3968 940 4040 Hyosoysmi‚
950 3966 1076 4038 Grannfi,
1087 3968 1201 4036 Scillae,
1211 3968 1319 4026 Seealis
1330 3970 1448 4036 cornuti,
1459 3964 1597 4036 Stryehni.

396 4065 530 4122 Extruotn
539 4069 580 4121 sio
591 4066 667 4122 diota
677 4066 764 4124 fluida
772 4075 849 4125 sunt:
862 4069 1024 4125 Extractum
1035 4068 1216 4138 Hydrastidis
1226 4067 1410 4138 Canadensis‚
1420 4064 1598 4134 Qnebracho,

395 4166 513 4222 Rhamni
526 4168 677 4223 Purshiani.

506 4266 606 4332 Quoad
619 4271 852 4339 compositionem
876 4269 1008 4325 differunt
1025 4274 1192 4338 praeparata
1204 4269 1449 4335 Pharmacopoeae
1464 4266 1599 4321 editionis

395 4372 532 4437 septimae
555 4369 715 4438 sequentia:
736 4368 858 4424 Acetum
882 4368 993 4435 scillae,
1017 4370 1207 4425 Electuarium
1230 4369 1382 4437 leudinum,
1406 4367 1597 4436 Emplastrum

395 4468 584 4539 adhucdum,
607 4468 813 4538 Cantharidum,
837 4468 983 4538 Gammae,
1008 4469 1191 4540 Hydrargyri,
1214 4469 1370 4523 Deoootum
1394 4463 1598 4534 Sarsaparillne

394 4572 589 4639 compositum,
602 4570 667 4625 loeo
681 4570 808 4625 Decooto
821 4570 983 4637 Zittmanni3
1008 4569 1134 4640 Syrnpus
1148 4572 1224 4625 Ferri
1241 4568 1346 4640 jodati,
1368 4567 1495 4640 Syrupns
1508 4567 1599 4635 Papa·

394 4669 470 4724 veris
495 4668 656 4740 (Diaeodii),
684 4669 819 4724 Tinctum
843 4668 921 4740 Jodi,
955 4669 1102 4725 Trochisoi
1136 4667 1349 4739 Ipecaouanhae
1381 4672 1411 4723 et
1447 4666 1596 4723 Santonini

285 4776 286 4780 ’
395 4767 573 4839 Unguentum
586 4770 769 4841 Hydrargyri.
