3500 5450
665 548 907 622 -163-

291 765 423 840 Intime
442 767 561 840 mixta
579 766 617 839 in
637 766 824 839 crucibulo
844 768 1081 860 porcellaneo
1095 771 1193 842 tecto
1212 767 1382 860 leniigne

181 895 402 988 liquescant,
419 894 538 966 donec
554 893 834 967 effervescentia
854 899 1007 986 peracta
1031 915 1163 968 massa
1185 895 1382 989 tranquille

182 1022 274 1095 duat
292 1025 329 1094 et
346 1020 469 1115 portio
486 1026 661 1113 exempta
675 1020 714 1093 in
729 1020 876 1093 duabus
891 1022 1061 1114 partibus
1078 1043 1199 1116 aquae
1219 1023 1381 1115 perfecte

183 1150 363 1221 solvatur.
387 1147 485 1220 Tum
506 1168 674 1221 massam
694 1147 845 1220 effunde
866 1152 903 1219 et
920 1149 1178 1240 refrigeratam
1197 1150 1324 1223 statim
1345 1150 1381 1222 in

182 1298 273 1349 vase
291 1276 386 1349 bene
406 1273 615 1347 claudendo
636 1295 757 1346 serva.

291 1401 346 1476 Sit
364 1401 499 1475 coloris
520 1422 540 1474 e
560 1401 664 1475 lusco
685 1402 814 1490 citrini,
843 1400 1123 1494 hydrogenium
1153 1404 1382 1477 sulfuratum
1430 1473 1432 1476 ,

182 1531 368 1620 redolens,
398 1529 437 1602 in
465 1550 565 1622 aqua
585 1533 621 1601 et
640 1530 774 1622 spiritu
799 1530 876 1602 vini
896 1529 1004 1603 facile
1025 1529 1195 1604 solubile.
1236 1531 1380 1604 Solutio

183 1679 341 1750 aquosa,
362 1658 469 1730 acido
490 1656 629 1730 acetico
649 1657 766 1730 diluto
791 1662 1088 1750 supersaturata,
1108 1656 1383 1750 hydrogenium

184 1785 411 1859 sulfuratum
450 1784 649 1857 secedente
683 1784 823 1857 sulfure
858 1783 1003 1874 evolvit,
1048 1782 1238 1874 filtratum,
1274 1785 1382 1858 acido

182 1911 357 1987 tartarico
384 1911 522 2000 addito,
558 1912 809 1985 sedimentum
849 1913 976 1985 album
1020 1911 1279 2002 crystallinum
1318 1912 1379 1986 de-

183 2040 304 2114 mittit.

318 2414 528 2524 {lolium
555 2414 878 2528 sulfuratum
906 2447 1005 2561 pro
1032 2416 1247 2526 balneo.

293 2676 409 2751 Simili
429 2677 542 2750 modo
563 2699 582 2751 e
602 2678 696 2751 Kalii
716 2677 900 2751 carbonici
921 2676 1022 2751 crudi
1043 2676 1212 2771 partibus
1234 2678 1383 2752 duabus

183 2811 220 2879 et
249 2805 407 2879 Sulluris
437 2803 629 2880 sublimati
648 2810 753 2898 parte
782 2827 860 2878 una
893 2810 1048 2899 paretur
1082 2810 1118 2878 et
1151 2812 1323 2880 servetur
1342 2794 1407 2879 ut'

183 2934 330 3007 Kalium
348 2933 585 3007 sulfiuatum.

295 3061 348 3134 Sit
367 3061 533 3134 maxima
561 3067 665 3154 parte
694 3061 733 3133 in
763 3083 865 3155 aqua
894 3059 1064 3135 solubilis
1094 3065 1131 3133 et
1149 3062 1324 3154 praebeat
1341 3062 1382 3134 li·

190 3187 1384 3283 quoremopalescentem,alcalinurn,hydrogeninmsulfuratum

184 3316 426 3405 redolentem,
453 3316 588 3389 coloris
609 3337 629 3389 e
649 3316 747 3389 llavo
768 3316 906 3388 viridis,

293 3442 469 3516 Servetur
489 3465 580 3517 vase
601 3443 740 3535 optime
760 3444 902 3516 clauso.

656 3819 900 3931 Romala.

292 4080 463 4155 Mallotes
482 4081 763 4177 Plriiippineusis
783 4082 941 4154 Miiller·
964 4081 1062 4172 Arg,
1090 4080 1203 4152 arbor
1222 4080 1260 4152 in
1280 4078 1385 4151 India

185 4209 354 4285 orientali
373 4210 555 4283 latissime
577 4209 788 4283 distributa.
810 4207 1104 4304 Euphorbioceae.

291 4333 1384 4430 Indumentumglanduloso·pilosumcapsularumarboria,

185 4467 389 4543 deterendo
405 4469 633 4557 separatum.
647 4464 775 4537 Pulvis
792 4463 953 4551 subtilia,
969 4462 1064 4535 lovis
1080 4460 1293 4551 mollisque,
1305 4482 1383 4532 non

185 4596 411 4689 glutinosus
449 4592 706 4685 rubiginosuS,
746 4592 969 4664 intermixtis
999 4588 1237 4683 portionibus
1272 4588 1383 4661 luteis

186 4729 251 4797 aut
271 4721 509 4809 aurantiacis,
532 4720 661 4793 odoris
682 4725 716 4793 et
737 4719 886 4811 saporis
908 4740 1053 4811 expers
1081 4717 1152 4790 sub
1174 4714 1299 4807 digitis
1321 4718 1385 4786 aut

1115 4858 1165 4910 11*
