3500 5450
868 535 1108 617 -tssd

493 758 635 831 Solutio
656 780 810 851 aquosa,
832 782 918 835 oum
943 762 1064 834 nutrio
1090 761 1374 854 hydrooxydato
1395 765 1584 853 calefacta,

254 985 256 989 ¹
385 885 619 958 ammonium
629 907 677 958 ne
689 885 856 976 exhalet;
873 888 981 961 acido
991 889 1279 980 hydroohlorico
1290 895 1585 983 supersuturam,

385 1033 455 1085 ner
475 1035 577 1106 aque
595 1014 913 1105 hydrosuliurata,
933 1036 1003 1089 neo
1029 1017 1157 1091 addita
1176 1017 1375 1108 ammonio„
1396 1020 1586 1094 ammonio

384 1140 577 1230 sulfurato,
613 1163 684 1215 neo
731 1141 848 1233 baryo
896 1142 1028 1216 uitrico
1075 1148 1258 1232 mutetur;
1309 1144 1416 1218 acido
1454 1146 1584 1219 nitrieo

385 1269 584 1356 aridolus,
604 1272 759 1360 argento
775 1269 906 1342 uitrico
926 1293 1059 1363 parum
1079 1273 1230 1345 nonnisi
1249 1273 1440 1346 lactescat.

493 1414 711 1489 Grammata
737 1421 900 1508 quatuor
923 1416 1039 1490 Nouii
1066 1417 1375 1510 hydrooarboniei
1404 1417 1583 1509 ignitione

384 1566 430 1616 ne
452 1543 549 1615 ultra
568 1547 777 1635 grammata
802 1543 878 1616 duo
906 1549 943 1617 et
969 1543 1162 1617 dimidium
1189 1545 1331 1619 residui
1356 1545 1583 1637 relinquant;

384 1670 676 1762 decigrammata
709 1670 784 1743 duo
817 1672 957 1745 residui
990 1672 1028 1744 in
1062 1693 1162 1764 aqua
1195 1672 1308 1745 soluti
1348 1693 1426 1745 non
1459 1673 1581 1747 minus

384 1819 497 1890 quam
532 1798 750 1872 centimetra
783 1798 914 1871 cubica
950 1798 1099 1891 triginta
1137 1805 1282 1890 septem
1315 1805 1352 1873 et
1389 1799 1583 1873 dimidium

384 1926 491 2015 (37·5
514 1925 586 2017 CC)
616 1925 815 1999 solutionis
835 1924 1120 1998 alealitnetrieae
1141 1926 1403 2000 decinormalis
1432 1928 1480 2000 ad
1499 1950 1580 2021 per·

384 2053 520 2125 tectam
538 2054 883 2127 neutralisationem
904 2057 1139 2128 consumant.

492 2178 636 2252 Pastilli
682 2206 699 2253 e
745 2180 877 2254 Natrio
923 2178 1229 2276 hydrorarbonioo.
1268 2182 1394 2254 Potio·
1411 2180 1583 2277 Maurusii

385 2308 497 2380 ritrioi
530 2307 754 2404 effervescens
802 2307 924 2379 Pulvis
966 2306 1185 2402 strophosus.
1217 2307 1338 2379 Pulvis
1371 2307 1583 2403 at'ropleorus

383 2435 629 2508 Seidlitzensis.

715 2903 963 3012 Natrium
981 2902 1248 3043 jodoturn.

490 3164 619 3238 Pulvis
640 3164 763 3252 albus
784 3163 1035 3256 crystallinus
1056 3169 1142 3237 aire
1156 3163 1393 3252 humescens,
1411 3163 1582 3238 facillime

381 3297 418 3368 in
458 3314 559 3386 aqua
595 3313 665 3365 nec
703 3313 781 3365 non
820 3291 859 3364 in
897 3291 1030 3384 spiritu
1074 3290 1149 3363 vini
1188 3289 1373 3378 solubilis,
1411 3291 1581 3365 flammae

382 3421 557 3494 admotus
582 3419 680 3492 hanc
709 3421 832 3493 colore
858 3420 957 3492 ssavo
985 3418 1106 3510 tingit;
1139 3418 1276 3491 solutio
1306 3439 1460 3511 aquosa,
1487 3441 1581 3512 aqua

383 3547 499 3620 chlori
538 3547 665 3621 addito
690 3550 726 3620 et
763 3569 848 3621 oum
891 3545 1157 3620 ehlorotormio
1200 3550 1463 3637 conquassata,
1501 3547 1581 3620 huic

383 3677 546 3748 colorem
565 3674 775 3748 violaceum
793 3675 924 3749 induit

491 3821 632 3895 Solutio
652 3842 798 3914 aquosa
821 3820 1021 3895 reaetionis
1050 3818 1228 3908 neutrius,
1263 3817 1370 3890 arido
1409 3819 1579 3891 sulfurico

383 3950 498 4022 diluto
527 3970 595 4021 nee
620 3947 848 4039 effervescat,
874 3971 944 4022 neo
970 3947 1096 4021 statim
1125 3948 1313 4033 flavescat,
1340 3965 1463 4038 neque
1485 3967 1579 4037 aqua

381 4076 690 4168 hydrosulfurata
728 4077 787 4149 vel
831 4075 1022 4148 ammonio
1065 4074 1371 4166 hydrosulturato
1406 4078 1578 4146 mutetur.

382 4204 533 4292 Eadem,
554 4204 661 4276 acido
680 4204 812 4277 nitrioo
829 4204 1028 4292 aridulam,
1048 4203 1164 4295 baryo
1184 4202 1316 4274 nitrioo
1336 4201 1398 4274 vix
1416 4201 1580 4274 turbetur

383 4336 420 4404 et
456 4332 751 4425 praecipitatum,
779 4331 880 4423 quod
915 4335 1069 4422 argento
1097 4328 1228 4402 nitrioo
1263 4328 1462 4416 obtinetur,
1497 4349 1578 4400 eum

381 4460 572 4532 ammonia
582 4465 815 4553 quassatum,
826 4459 1010 4551 liquorem
1020 4454 1210 4548 praebeat,
1218 4454 1281 4546 qui
1291 4454 1578 4543 filtratus,aoido

381 4586 511 4660 uitrico
542 4587 658 4661 diluto
689 4586 845 4679 adjecto
874 4584 1022 4658 nonnisi
1056 4584 1247 4660 lactescat.
1283 4583 1372 4674 quin
1406 4581 1579 4655 continuo

381 4715 632 4788 sedimentum
653 4715 828 4806 deponat.
