3500 5450
909 555 1119 629 -104-

709 765 933 877 llerrurn
962 768 1324 912 pulverotunr.

526 1027 653 1100 Pulvis
682 1029 963 1119 subtilissimus,
994 1030 1240 1122 ponderosuS,
1269 1028 1402 1100 nitoris
1431 1026 1622 1116 metallici,

418 1156 555 1230 coloris
566 1156 688 1247 grisei,
697 1161 869 1247 magnete
887 1156 1096 1229 adtrahitur
1111 1157 1194 1230 etin
1206 1156 1322 1229 aridis
1335 1154 1469 1244 dilutio,
1481 1154 1622 1246 hydro·

419 1283 583 1356 ohlorieo
613 1282 693 1355 sive
722 1282 913 1372 sulfurieo,
944 1283 1077 1376 exiguo
1103 1285 1255 1358 residuo
1289 1284 1415 1357 relicto
1444 1281 1622 1368 solvitur;

418 1409 693 1503 hydrogenium
713 1410 823 1483 simul
844 1410 1026 1483 emissum
1042 1411 1213 1485 chartam
1231 1411 1409 1500 bibulam,
1430 1408 1622 1484 solutione

417 1538 559 1631 plumbi
587 1539 716 1612 aeolici
740 1538 1006 1629 humectatam,
1037 1541 1161 1613 colore
1188 1541 1293 1613 lusco
1323 1539 1403 1612 sive
1431 1539 1545 1631 nigro
1575 1558 1622 1609 ne

417 1666 569 1739 inficiat.

528 1792 670 1866 Solutio
703 1791 991 1885 hydrochlorica
1023 1813 1148 1884 neque
1183 1813 1284 1884 aqua
1311 1792 1624 1883 hydrosulfurata

421 1921 585 1994 colorem
599 1918 755 2010 recipiat
768 1919 1026 2011 nigricantem,
1046 1939 1126 2007 nec,
1146 1923 1350 2011 postquam
1360 1918 1499 1992 fenum
1511 1918 1622 1992 acido

418 2050 552 2123 nitrico
582 2049 786 2141 oxydatum
815 2053 851 2120 et
876 2046 1067 2119 ammonia
1092 2047 1307 2120 abundante
1336 2047 1623 2140 praecipitatmn

419 2176 539 2264 luerit,
558 2176 742 2268 liquorem
766 2174 957 2267 praebeat,
988 2174 1051 2267 qui
1080 2174 1239 2248 filtratus
1269 2174 1459 2247 ammonio
1479 2173 1621 2265 hydro·

421 2303 607 2376 sulfurato
626 2303 806 2375 turbetur.

529 2430 739 2503 Residuum
758 2429 861 2503 Ferri
885 2428 1083 2521 pulverati,
1110 2428 1217 2501 acido
1236 2429 1525 2520 hydrochlorieo
1546 2450 1622 2501 non

420 2560 598 2648 solutum,
623 2557 731 2630 acido
757 2557 892 2630 nitrieo
916 2558 1096 2646 solvatur,
1117 2556 1254 2630 solutio
1274 2558 1455 2631 calefacta
1480 2562 1517 2630 et
1545 2561 1623 2630 tum

421 2711 522 2782 aqua
550 2688 670 2761 diluta
704 2708 774 2761 nec
806 2708 906 2781 aqua
935 2686 1244 2779 hydrosulturata
1267 2686 1526 2779 nigricantem,
1554 2705 1621 2758 nec

421 2816 613 2890 ammonia
632 2816 845 2889 caeruleum
866 2815 1030 2888 colorem
1048 2814 1181 2887 trahat.

529 2944 572 3017 In
592 2946 776 3037 apparatu
804 2941 959 3015 Marshii
989 2942 1243 3033 examinatum
1272 2941 1429 3034 vestigia
1459 2941 1621 3015 arsenici

421 3094 469 3144 ne
488 3071 677 3164 praebeat.

531 3198 704 3271 Servetur
722 3218 812 3271 vase
833 3197 986 3269 siccato.

750 3682 972 3792 llerrum
993 3682 1293 3839 reduotnrn.

531 3944 700 4017 Pulvise
727 3944 874 4018 cinereo
902 3944 1100 4036 nigricanS,
1129 3944 1261 4017 nitoris
1291 3966 1437 4038 erpere,
1464 3965 1620 4038 pressus

424 4072 563 4145 metalli
582 4073 820 4165 splendorem
838 4073 1033 4165 reeipienS,
1053 4078 1225 4163 magnete
1246 4073 1465 4147 adtrahitur.

532 4199 574 4272 In
601 4200 716 4272 acidis
744 4200 880 4289 dilutis,
905 4199 1187 4291 hydroehlorieo
1217 4206 1253 4273 et
1291 4200 1480 4288 sulfurioo,
1510 4199 1620 4291 plane

426 4328 593 4417 solvitur,
614 4328 844 4420 hydrogenio
866 4328 1003 4401 emisso
1023 4328 1153 4400 charta
1171 4327 1324 4420 plumbo
1346 4326 1485 4399 aeetico
1497 4327 1620 4399 soluto

424 4458 641 4530 humectata
659 4477 706 4529 ne
728 4457 923 4529 coloretur.

535 4586 733 4658 Caeterum
748 4583 884 4657 solutio
900 4583 1184 4675 hydrochlorica
1195 4581 1442 4674 adreagentia
1453 4583 1619 4669 eandem,

427 4736 524 4808 quae
543 4711 646 4786 Ferri
665 4712 849 4804 pulverati
868 4712 1080 4806 respondet,
1100 4711 1284 4785 rationem
1302 4710 1491 4803 praebeat.
