3500 5450
634 549 846 623 ..47-

376 872 617 984 Caloium
637 868 1104 1015 hypoohlorosum.

543 1098 724 1180 Calcaria
747 1100 940 1179 ohlorata.

246 1298 375 1371 Pulvis
414 1298 544 1385 albus
584 1295 754 1368 chiorum
786 1296 982 1384 redolens,
1022 1295 1168 1388 saporis
1207 1296 1341 1383 acerbi,

138 1426 335 1499 humorem
355 1425 570 1513 adtrahens,
600 1423 637 1496 in
665 1444 766 1515 aqua
786 1429 968 1515 exparte,
997 1424 1035 1495 in
1055 1422 1183 1513 acidis,
1214 1422 1341 1495 chloro

135 1552 289 1644 largiter
308 1553 458 1642 emisso,
479 1553 555 1625 lere
577 1573 623 1624 ex
642 1554 723 1624 toto
745 1550 927 1624 solubilis.

246 1698 444 1773 Continent
479 1699 519 1771 in
568 1703 718 1772 centurn
754 1697 924 1790 partibus
971 1702 1099 1791 partes
1148 1700 1342 1771 minimum

135 1828 262 1920 viginti
292 1828 374 1920 (ao)
408 1827 525 1900 chlori
555 1827 675 1914 activi,
711 1825 798 1899 inde
829 1826 932 1898 color
968 1825 1164 1900 solutionis
1197 1825 1340 1918 indigo·

136 1955 291 2029 carmini
311 1955 505 2028 caeruleus
520 1956 559 2028 in
573 1954 728 2027 viridem
743 1953 821 2026 sive
836 1953 1102 2027 flavo-fuscum
1116 1960 1291 2044 mutetur,
1311 1955 1342 2028 si

136 2082 217 2175 ejus
238 2084 334 2156 duas
352 2087 476 2156 tresve
501 2087 626 2174 guttas
644 2080 884 2154 instillaveris
913 2081 1092 2154 misturae
1112 2088 1268 2173 paratae
1297 2104 1342 2155 ex

245 2245 385 2319 Calcii
415 2244 749 2337 hypochlorosi
802 2250 996 2335 qrammate
1015 2266 1084 2315 uno
1321 2249 1337 2320 1

245 2410 404 2502 Aquae
433 2409 702 2482 destillatae
757 2407 932 2505 qrammis
952 2413 1083 2478 centum
1265 2411 1342 2483 100

246 2572 381 2647 Aridi
419 2575 687 2647 arsenioosi
724 2574 768 2647 in
807 2573 937 2646 acido
977 2573 1342 2665 hydroohlorioo

147 2701 354 2776 dilutos
386 2725 420 2796 q.
452 2701 595 2776 soluti

317 2830 577 2927 mmrssqrummio
596 2830 747 2902 durantis
767 2829 989 2926 sepluoqinto
1008 2830 1167 2928 quinque.
1225 2831 1345 2904 olla

256 2974 430 3049 Servetur
448 2997 538 3049 vase
566 2976 694 3064 vitre0,
724 2976 819 3048 bene
849 2975 1000 3064 siccato,
1031 2974 1160 3048 clauso
1190 2980 1225 3047 et
1253 2976 1346 3048 lueis
1478 3063 1479 3066 Ἴ

148 3123 303 3176 accessu
317 3108 475 3176 remoto.

458 3513 695 3624 Onlrium
723 3514 1036 3658 oxydatum.

550 3743 731 3824 Caloaria
754 3743 946 3822 oaustioa.

257 3941 449 4033 Eligantur
467 3941 587 4014 frusta
606 3941 732 4020 densa,
753 3960 868 4032 quam
891 3940 1052 4012 maxime
1083 3939 1179 4027 alba,
1208 3960 1348 4031 aquam

149 4068 320 4156 sitientia,
350 4090 445 4162 quae
475 4067 627 4141 dimidia
653 4066 830 4160 ponderis
857 4071 962 4159 parte
992 4087 1113 4158 aquae
1142 4087 1349 4159 conspersa

150 4217 378 4290 magnopere
398 4196 543 4269 ferrent
556 4201 592 4269 et
610 4194 650 4267 in
668 4193 860 4287 pulverem
880 4193 1108 4278 dilabuntur;
1130 4214 1216 4266 cum
1230 4192 1348 4266 tribus

150 4346 269 4420 usque
291 4329 452 4419 quatuor
469 4323 638 4417 partibus
658 4342 779 4414 aquae
797 4321 940 4413 pultem
956 4320 1120 4413 spissam
1139 4320 1348 4408 efformant,

152 4455 190 4527 in
216 4454 322 4527 acido
340 4449 627 4542 hydrochlorico
646 4448 797 4521 nonnisi
816 4448 972 4541 paulurn
992 4450 1295 4521 effervescentem
1315 4453 1351 4521 et

151 4581 314 4654 maxima
333 4600 378 4651 ex
399 4581 504 4671 parte
523 4575 733 4650 solubilem.
1249 4559 1253 4566 ’

261 4728 365 4821 Aqua
387 4720 510 4796 Calais.
546 4721 701 4795 Coloium
722 4720 1018 4819 oxysulfuratum.
