3500 5450
876 558 1087 629 -88-

382 771 538 845 extracti
552 772 677 845 tenuis
689 773 972 847 consistentiam
986 773 1212 867 inspissetur
1220 781 1256 849 et
1265 773 1402 867 liquori
1417 776 1593 868 primum

382 898 533 972 defluxo
554 899 817 973 admisceatur.

491 1026 782 1119 Spissitudinem
797 1030 899 1121 quod
915 1028 1045 1102 attinet
1056 1034 1317 1119 extractorum,
1330 1033 1491 1122 quatuor
1501 1050 1591 1122 gra·

382 1154 452 1226 dus
475 1155 769 1247 distinguuntur.
795 1156 971 1229 Extracta
990 1162 1117 1229 sunt:‘

489 1278 603 1358 fluida
621 1282 700 1355 sive
720 1282 861 1375 liquida
888 1313 935 1347 =
961 1283 1148 1358 densitate
1170 1285 1354 1359 tincturae
1374 1283 1591 1376 spissioriS,

489 1406 615 1486 tonia
638 1441 684 1473 =
707 1410 892 1485 densitate
911 1413 1035 1485 mellis
1055 1412 1241 1500 recentis;
1260 1411 1492 1504 mellagines,

491 1537 610 1638 spissa
633 1568 680 1600 =
704 1559 801 1630 quae
820 1539 1036 1631 refrigerata
1056 1540 1196 1613 effundi
1215 1543 1417 1632 nequeunt,

490 1664 587 1742 sicca
611 1695 658 1729 =
681 1665 720 1738 in
737 1666 930 1758 pulverem
948 1667 1163 1760 redigenda.

490 1792 549 1865 Ad
570 1793 715 1866 siccum
733 1792 952 1886 rediguntur
971 1800 1148 1886 extracta,
1170 1796 1202 1869 si
1219 1795 1277 1868 ad
1297 1793 1590 1868 consistentiam

383 1921 597 2015 spissorum
628 1926 839 2012 evaporata,
876 1942 992 2014 super
1017 1922 1166 2015 patinas
1197 1924 1454 2015 porcellaneas
1480 1920 1591 1995 tenui

382 2054 501 2122 strato
522 2068 701 2141 expansa,
721 2048 760 2120 in
778 2049 889 2120 furno
910 2048 1108 2122 siccatorio
1123 2054 1395 2143 temperaturae
1412 2050 1487 2122 400
1504 2071 1587 2122 non

382 2175 575 2249 excedenti
597 2181 846 2269 exponuntur.

492 2304 669 2376 Extracta
687 2303 741 2376 sic
762 2304 860 2377 dicta
879 2304 1115 2377 narcotica
1135 2302 1281 2376 suntin
1300 2324 1436 2395 genere
1456 2305 1591 2397 spissa

385 2431 584 2505 servanda.
620 2430 669 2505 Ut
701 2452 790 2505 vero
817 2436 989 2525 prompte
1013 2431 1197 2504 informa
1224 2432 1390 2524 pulveris
1420 2432 1593 2525 expediri

387 2564 537 2651 queant,
564 2580 693 2631 eorum
712 2563 800 2652 pars
826 2581 913 2648 una,
944 2581 1030 2632 cum
1050 2561 1196 2652 aequati
1222 2560 1387 2651 pondere
1408 2560 1592 2633 Sacchari

383 2687 509 2761 Laetis
519 2686 702 2780 pulverati
719 2686 845 2760 intime
861 2688 988 2777 mixta,
1009 2687 1082 2761 leni
1097 2687 1219 2762 calore
1239 2688 1411 2762 siccetur.
1429 2688 1590 2763 Pondus

384 2815 634 2889 exsiccatione
668 2814 901 2908 deperditum
935 2815 1061 2888 addito
1096 2815 1285 2889 Saccharo
1312 2816 1440 2900 Lectis
1480 2817 1588 2891 resti·

383 2946 520 3016 tuatur.

492 3069 686 3161 Eiusmodi
702 3070 854 3143 extracti
869 3070 1059 3162 quantitas
1073 3070 1189 3163 duplo
1201 3070 1324 3161 major
1334 3072 1525 3164 dispenset
1576 3130 1586 3159 ,

384 3218 499 3289 quam
529 3217 627 3291 quae
656 3218 680 3269 a
707 3198 852 3270 medico
881 3199 1002 3271 forma
1028 3197 1182 3271 extracti
1212 3197 1324 3290 spissi
1351 3199 1588 3292 praescripta

386 3324 507 3398 fuerit

493 3451 669 3526 Extracta
687 3453 762 3526 sint
780 3453 908 3526 odoris
929 3458 966 3527 et
984 3453 1132 3546 saporis
1152 3451 1350 3544 peculiaris
1367 3454 1585 3528 medicami-

384 3600 487 3668 num,
526 3601 546 3652 e
586 3580 723 3673 quihus
752 3586 944 3674 parantur,
992 3600 1234 3673 empyreuma
1281 3601 1327 3653 ne
1374 3581 1584 3669 redoleant,

384 3706 542 3780 metallis
560 3707 743 3800 imprimis
764 3730 881 3801 cupro
901 3730 949 3781 ne
969 3709 1045 3781 sint
1064 3707 1269 3800 inquinata.

490 3834 684 3908 Mucedine
706 3840 883 3928 corrupta
900 3835 1126 3927 rejiciantur.

491 3962 693 4035 Serventur
711 3962 750 4035 in
769 3963 870 4035 vasis
891 3962 986 4036 bene
1006 3962 1126 4054 tectis,
1146 3964 1229 4037 loco
1249 3964 1380 4056 frigido
1400 3964 1510 4037 sicco.

387 4381 890 4492 medactum
899 4379 1222 4493 Aeonem
1238 4379 1582 4494 radicis.

382 4604 483 4695 Rpe:
519 4599 662 4678 taurus
682 4601 823 4679 Aooniti
845 4601 1056 4701 patraratao

926 4736 1127 4825 praecordio
1147 4731 1334 4826 quiopcnta
1502 4731 1582 4803 500
