3500 5450
667 547 904 620 -189-
983 592 985 595 ν

185 764 223 833 et
252 761 375 835 natrio
399 762 653 855 phosphorico
683 766 858 853 mutetur,
885 770 1038 856 argento
1063 765 1196 840 uitrico
1222 770 1386 839 tantum·

183 888 298 961 modo
317 890 507 965 lactescat.

292 1014 463 1090 Natrium
495 1016 717 1090 sulfuricum
750 1038 881 1110 grosse
906 1019 1152 1110 pulveratum,
1187 1019 1263 1092 ae‘ri
1283 1019 1383 1093 sicco

184 1139 269 1213 loco
289 1141 418 1234 tepido
439 1143 661 1235 expositum,
680 1145 779 1219 ultra
799 1144 995 1219 dimidium
1009 1146 1189 1239 ponderis
1209 1147 1330 1238 perdit
1349 1152 1386 1219 et

183 1266 222 1338 in
256 1268 455 1360 pulverem
481 1270 716 1361 convertitur,
751 1272 815 1364 qui
848 1293 916 1364 per
958 1272 1124 1345 cribrum
1157 1274 1385 1365 transjectus

185 1376 256 1466 sub
270 1396 422 1469 nomine

395 1518 553 1600 Natriun
573 1522 786 1601 suiiurlcun
803 1525 938 1602 siccum
959 1522 1183 1627 (dilapsu)

183 1654 337 1741 praesto
357 1652 416 1724 sit.

464 1935 647 2044 01111111
662 1935 1110 2079 durygdaiarum.

182 2157 285 2252 Rpe:
315 2156 591 2259 dnygtlaimn
612 2156 771 2236 doicin
792 2182 825 2256 q.
846 2184 878 2233 v.

290 2285 333 2359 In
367 2287 561 2381 pulverem
586 2287 760 2362 redactas
787 2291 824 2360 11
850 2289 1003 2362 sacculo
1028 2289 1195 2363 inclusas
1221 2288 1383 2383 primum

182 2413 320 2503 leviter,
348 2414 482 2493 deinde
507 2414 708 2488 fortissime
733 2415 773 2488 in
804 2415 910 2509 prelo
938 2416 1114 2509 exprime.
1152 2415 1286 2489 Oleum
1318 2436 1386 2508 per

183 2541 352 2614 chartam
372 2541 540 2615 bibulam
558 2541 740 2616 filtratum
758 2562 880 2615 serva.

294 2667 349 2741 Sit
401 2669 614 2764 limpidum,
663 2668 798 2743 coloris
844 2669 982 2764 pallide
1026 2669 1130 2759 ssavi,
1172 2670 1383 2760 inodorum,

184 2796 331 2888 saporis
365 2797 475 2887 mitis
508 2819 587 2871 non
614 2797 766 2887 rancidi,
799 2818 876 2870 uon
910 2798 1115 2888 exsiccans,
1149 2798 1284 2890 frigore
1308 2820 1386 2871 non

184 2923 435 3015 spissescens
469 2925 645 3017 ponderis
679 2946 780 3018 spec.
820 2924 1146 2999 0·915-0·9d0.
1186 2926 1308 2999 Facile
1346 2925 1386 2997 in

187 3031 336 3124 aethere
356 3052 450 3126 etin
470 3051 733 3125 chloroiormio
754 3052 919 3125 solviun.

282 3177 415 3252 Partes
427 3178 642 3270 quindecim
657 3179 729 3251 olei
739 3199 826 3252 cum
835 3178 1014 3251 mixtione
1024 3200 1044 3250 1
1054 3178 1225 3271 partibus
1237 3179 1385 3252 duabus

183 3326 305 3396 aquae
326 3310 362 3378 et
380 3306 546 3398 partibus
572 3305 691 3379 tribus
721 3305 816 3378 acidi
839 3303 959 3378 uitrici
977 3304 1159 3377 fumantis
1184 3304 1385 3380 vehemen-

183 3437 241 3506 ter
260 3439 548 3525 conquassatae,
574 3429 792 3506 mixtionem
815 3431 991 3520 albidam,
1015 3453 1093 3505 non
1117 3453 1206 3505 vero
1236 3433 1385 3505 fuscam

185 3565 249 3632 aut
281 3560 437 3632 rubram
469 3560 686 3652 praebeant,
721 3581 818 3654 quae
852 3559 1043 3633 nonnullis
1078 3558 1182 3631 horis
1222 3560 1384 3650 peractis

184 3707 356 3759 massam
375 3686 537 3759 solidam
557 3686 683 3759 albam
704 3686 864 3780 deponit.

298 3812 461 3885 Ceratum
482 3812 623 3886 Cetacea'.
640 3812 799 3887 Emubio
816 3814 938 3886 cleosa.
964 3810 1183 3908 Uopuentum
1200 3812 1383 3886 emolliam.

192 3939 409 4037 Uapuenium
431 3941 534 4015 Zincr'
552 3940 708 4038 ouydoti.

594 4228 777 4337 oleum
811 4228 974 4337 dnisi.

295 4451 322 4523 E
347 4450 529 4525 fructibus
558 4451 664 4525 Anisi
693 4452 859 4545 vulgaris
889 4457 1065 4546 paratum
1104 4452 1152 4525 sit
1180 4450 1386 4543 limpidum,

186 4577 383 4651 coactionis
406 4580 585 4668 neutrius,
607 4579 758 4652 decolor
777 4580 837 4653 vel
854 4602 991 4672 parum
1009 4580 1228 4666 flavescens,
1258 4577 1385 4650 odoris

184 4704 343 4777 chtus
373 4705 480 4778 Anisi
512 4705 722 4798 peculiaris
765 4706 912 4798 saporis
954 4705 1158 4791 aromatici,
1193 4703 1386 4780 subdulcis
