3500 5450
855 431 1097 502 -138—

394 648 692 759 Herba
722 643 1136 758 Cannabis
1162 644 1539 758 Indicae.

485 864 663 939 Cannabis
680 867 795 939 sativa
819 866 966 959 Linn,
996 867 1122 958 planta
1144 887 1281 956 annua,
1302 867 1341 939 in
1359 866 1514 939 Perside
1533 870 1572 937 et

371 993 477 1066 India
496 993 667 1066 orientali
685 993 872 1086 indigena,
901 994 1040 1065 ibidem
1069 1015 1112 1066 ac
1132 994 1233 1087 apud
1256 1015 1329 1066 nos
1349 993 1569 1085 saepissime

369 1122 478 1196 culta.
504 1119 758 1194 Cannabiaeoe.

480 1249 720 1323 Summitates
745 1250 896 1342 plantae
921 1249 1104 1323 femineae
1125 1251 1303 1340 florentis,
1332 1249 1467 1343 partim
1490 1248 1569 1339 jam

371 1377 591 1467 fructiferae,
636 1377 784 1450 nonnisi
837 1399 884 1449 ex
931 1377 1036 1450 India
1082 1377 1252 1450 orientali
1295 1375 1569 1468 depromendae

373 1505 545 1594 siccatae,
586 1506 765 1598 adpresse
803 1505 959 1598 pilosae,
1008 1506 1173 1594 scabrae,
1219 1525 1351 1577 massa
1399 1504 1571 1577 resinosa

372 1638 524 1705 excreta
563 1633 611 1704 ad
641 1633 824 1705 anthuros
863 1633 1016 1721 densos
1055 1632 1216 1720 foliatos,
1256 1633 1569 1724 subcompressos

372 1760 661 1852 conglutinatae,
700 1761 797 1832 foliis
836 1761 1029 1834 floralibus
1068 1760 1288 1853 plerumque
1327 1759 1569 1853 simplicibus,

370 1887 817 1978 lanceolam-linearibus,
848 1889 1011 1978 serratis
1045 1889 1202 1979 cymulis
1235 1888 1450 1961 axillaribus
1483 1908 1568 1959 con·

369 2016 482 2107 fertis,
511 2017 673 2091 bracteis
702 2017 934 2105 lanceolatis,
963 2015 1115 2104 bifloris,
1152 2015 1350 2089 bracteolis
1386 2035 1570 2108 quemque

370 2144 501 2216 florem
538 2144 803 2237 vaginantibus
838 2142 1201 2232 ovato-lanceolatis,
1240 2142 1374 2215 deinde
1412 2143 1570 2215 fructum

368 2271 612 2344 notissimum
630 2270 918 2344 includentibus

479 2398 582 2472 Odor
595 2398 817 2493 praesertim
837 2398 978 2471 herbae
992 2399 1101 2471 tritae
1118 2402 1183 2470 aut
1196 2397 1352 2490 paulum
1368 2397 1568 2471 calefactae

370 2532 429 2599 est
457 2527 664 2618 peculiaris,
692 2526 913 2599 narcoticus.
945 2526 1026 2620 Ope
1054 2523 1290 2618 microscopii
1319 2525 1571 2598 observantur

369 2675 593 2729 numerosae
628 2653 829 2747 glandulae
868 2653 1041 2726 olenerae
1079 2657 1267 2741 externae,
1306 2651 1570 2743 subglobosae‚

369 2784 602 2857 vesiculosae
619 2789 655 2857 et
674 2784 739 2876 pili
753 2782 1020 2856 unicellulares
1036 2782 1160 2871 validi,
1181 2780 1265 2852 basi
1285 2780 1428 2870 tumidi,
1449 2786 1528 2872 cyst
1555 2822 1568 2833 -

368 2911 529 2984 litbiferi.

477 3038 695 3111 Entructum.

633 3360 816 3469 llerba
846 3357 1038 3502 Capilli
1065 3358 1305 3467 Veneris.

478 3583 676 3655 Adiectum
693 3583 854 3678 Capillus
876 3582 1014 3654 Veneris
1028 3582 1165 3672 Linn,
1182 3582 1220 3654 in
1237 3582 1407 3674 Europae
1424 3587 1563 3654 austra·

366 3710 468 3783 lioris
480 3712 636 3804 rupibus
652 3711 937 3785 humidiusculis
947 3732 1122 3784 nascens.
1134 3710 1273 3782 Filias.
1287 3709 1563 3806 Polypodioceae.

475 3838 644 3911 Frondes
660 3838 819 3912 tenellae
837 3839 1009 3926 siccatae,
1027 3837 1317 3928 decompositae,
1334 3837 1457 3929 stipite
1473 3841 1564 3908 atro·

367 3967 485 4055 fusco,
512 3966 641 4054 nitido,
660 3967 816 4039 ramulis
837 3966 1081 4053 filiformibuS,
1101 3964 1243 4037 laciniis
1265 3963 1451 4056 stipitatiS,
1475 3964 1562 4035 obo-

365 4094 770 4182 vato-cuneiformibus,
796 4093 894 4167 laete
921 4092 1115 4181 viridibus,
1141 4091 1330 4183 eleganter
1355 4090 1564 4164 flabellatim

367 4221 550 4310 nervosis,
581 4242 741 4314 superne
761 4220 1049 4308 inciso-Iobatis,
1078 4219 1174 4292 lobis
1201 4219 1370 4308 arcuatia,
1400 4218 1564 4309 margine

365 4349 533 4422 revoluto
554 4370 684 4421 eorum
703 4348 893 4438 linearem,
914 4348 1062 4421 indusio
1082 4344 1373 4439 squamaeformi
1392 4344 1564 4431 velatum,

367 4476 597 4569 gerentibus.

476 4601 650 4699 Syrnpos.
