3500 5450
619 583 671 592 —
700 540 801 613 XVII
832 587 881 595 —

156 753 454 842 medicaminis
490 759 735 845 enascentia
771 759 1090 866 imminuantur,
1137 762 1353 874 quantitas

157 919 342 1032 partium
365 922 713 1008 constituentium
736 920 912 1009 dimidio
935 921 1109 1009 reducta
1131 930 1204 1008 est

264 1082 310 1169 N
312 1084 602 1171 omenclatura
640 1085 916 1171 articulorum
955 1085 1048 1198 jam
1087 1088 1131 1171 in
1170 1085 1353 1172 editione

156 1253 278 1332 sexta
311 1244 503 1334 adhibita
534 1248 580 1333 in
611 1248 695 1334 hac
729 1248 913 1335 editione
947 1278 1000 1334 ea
1037 1247 1353 1335 modificatione

156 1412 366 1519 retinetur,
401 1421 448 1497 ut
474 1409 762 1498 medicamina
791 1440 845 1496 ex
866 1439 1000 1525 regno
1024 1409 1257 1526 vegetabili
1280 1410 1354 1497 de-

156 1581 354 1689 prompta
374 1573 426 1659 iis
449 1573 864 1662 denominationibus
889 1574 1173 1691 disponantur,
1200 1574 1353 1691 quibus

155 1737 199 1821 in
222 1733 339 1822 libris
362 1739 799 1852 pharmacognosiam
821 1735 1098 1824 tractantibus
1122 1747 1164 1823 et
1191 1738 1236 1822 in
1258 1738 1353 1823 aliis

156 1900 513 2016 pharmacopoeis
558 1899 610 1988 de
660 1902 712 1986 iis
757 1899 992 2010 disseritur,
1047 1902 1149 1987 hinc
1191 1901 1354 1986 nomini

157 2062 338 2178 plantae,
364 2092 474 2180 quae
496 2060 768 2150 medicamen
789 2062 1043 2179 suppeditat,
1063 2062 1352 2149 denominatio

156 2229 286 2342 partis
303 2227 464 2314 usualis
486 2279 538 2290 -
561 2235 719 2330 cortex,
739 2226 852 2335 folia,
872 2225 1010 2337 floreS,
1030 2226 1200 2338 fructus
1218 2225 1351 2336 radix,

158 2418 306 2475 semen
329 2399 406 2477 etc.
429 2393 711 2508 praeponitur.

266 2554 517 2666 Synonyma
538 2555 582 2638 in
605 2551 788 2640 editione
811 2561 933 2639 sexta
949 2554 1113 2640 nomini
1129 2552 1353 2668 principali

155 2714 354 2830 adjuncta
415 2747 528 2805 nunc
571 2717 725 2831 majori
746 2745 801 2804 ex
822 2725 940 2832 parte
984 2716 1109 2833 plane
1161 2714 1355 2805 obsoleta

156 2880 311 2997 quibus
333 2881 491 2968 medici
514 2885 557 2967 in
579 2881 773 2968 formulis
798 2879 1116 2968 conscribendis
1139 2881 1353 2967 rarissime

154 3047 324 3133 nonnisi
346 3054 529 3153 utuntur,
569 3043 710 3130 adhuc
743 3046 922 3130 retinere
960 3044 1116 3130 nullius
1145 3046 1353 3131 momenti

154 3211 242 3296 imo
266 3211 404 3324 aptius
427 3209 569 3294 visum
603 3218 702 3317 erat,
738 3236 790 3292 ea
822 3209 866 3292 in
898 3206 1086 3294 indicem
1120 3208 1350 3324 specialem

153 3372 345 3485 relegare
374 3379 416 3457 et
447 3399 596 3458 eorum
627 3369 785 3479 locum,
823 3370 940 3486 quod
973 3369 1028 3456 ob
1063 3382 1349 3457 commeatum

153 3537 260 3622 inter
276 3544 425 3647 gentes
442 3539 485 3620 in
497 3533 613 3620 diem
630 3541 935 3647 augescentem
952 3534 1126 3647 majoris
1144 3538 1349 3620 momenti

154 3710 225 3798 est,
255 3695 671 3786 denominationibus
701 3696 989 3783 usitatioribus
1021 3699 1128 3783 etin
1149 3698 1351 3813 pharma-

152 3862 326 3976 copoeis
371 3861 580 3947 extraneis
633 3864 814 3977 receptis
865 3859 1028 3947 cedere.
1085 3865 1349 3977 Apparatum

152 4027 419 4140 reagentium
440 4036 531 4113 turn
557 4022 700 4140 quoad
716 4024 960 4137 junctiones
984 4024 1215 4136 chemicaS,
1241 4054 1351 4141 quae

154 4216 285 4305 scopo
305 4188 520 4302 analytice
538 4189 633 4272 usui
650 4195 756 4295 sunt,
783 4217 916 4304 quum
935 4187 1079 4304 quoad
1095 4188 1294 4302 utensilia
1311 4200 1353 4278 et

152 4353 440 4461 instrumenta,
477 4380 587 4467 quae
618 4350 673 4437 ad
702 4350 1007 4468 persolvendas
1031 4350 1349 4467 disquisitiones

153 4514 412 4625 adhibentur,
459 4543 721 4630 magnopere
767 4514 916 4628 augeri
956 4544 1063 4631 opus
1103 4524 1202 4624 erat,
1249 4516 1351 4631 quia

150 4678 317 4767 nonnisi
358 4680 426 4764 his
471 4677 739 4764 adminiculis
779 4677 1066 4764 medicamina
1110 4676 1341 4764 secundum

1110 4834 1128 4889 u
