3500 5450
663 531 906 602 -191-

470 867 654 977 ilicum
678 867 1084 1010 Bergumottac.

288 1090 317 1162 E
336 1089 545 1183 pericarpio
572 1089 667 1163 Oilri
685 1091 896 1187 Berpomiuc
915 1090 1092 1183 (Risso)
1114 1095 1309 1183 paratum,
1336 1094 1384 1164 sit

179 1215 384 1308 limpidum,
405 1217 532 1290 odoris
548 1217 636 1290 Cit1i
655 1220 800 1291 fructus
821 1218 962 1307 similis
981 1219 1127 1311 saporis
1148 1239 1235 1290 cum
1256 1218 1382 1311 aliqua

179 1343 352 1415 acredine
361 1345 716 1433 amaro-aromatici,
726 1346 905 1437 ponderis
926 1367 1028 1439 spec.
1045 1347 1175 1434 θ’860,
1190 1347 1228 1417 in
1249 1346 1380 1438 spiritu

180 1470 255 1543 vini
275 1476 518 1545 concenlrato
537 1472 708 1546 facillime
729 1478 767 1546 et
783 1473 935 1568 limpide
954 1473 1123 1546 solubile.

288 1597 428 1672 Tractu
459 1599 640 1692 tempmis
673 1622 840 1674 massam
873 1600 1139 1693 crystallinam,
1179 1600 1217 1671 in
1251 1600 1384 1692 spiritu

179 1723 254 1798 vini
274 1726 399 1799 minus
419 1726 619 1800 solubilem
638 1727 800 1820 deponit.

295 1850 514 1950 Unpucotum
531 1860 701 1927 rosatum.

575 2316 762 2432 Oleum
789 2317 981 2427 dacco.

604 2548 804 2650 Butyrum
828 2545 973 2627 Cacao.

290 2743 320 2815 Ε
340 2742 546 2817 seminibus
569 2741 797 2816 Tbeobromue
816 2742 929 2815 Cacao
946 2743 1103 2835 (Linn.)
1124 2744 1255 2817 leniter
1274 2743 1383 2816 tostis

183 2876 221 2942 et
241 2869 488 2959 decorticatis
505 2870 747 2962 expressione
768 2871 889 2943 calida
908 2875 944 2943 et
960 2871 1158 2944 libratione
1178 2872 1384 2944 obtentum.

293 2996 428 3071 Oleum
461 2997 594 3086 Cacao,
628 2997 894 3071 consistentiae
933 2999 1025 3088 sebi,
1060 2998 1110 3071 sit
1148 3020 1167 3071 e
1212 2999 1382 3071 subflavo

184 3125 329 3217 album,
386 3124 513 3197 odoris
566 3124 661 3216 grati
713 3124 867 3198 seminis
909 3125 1043 3214 Cacao,
1081 3125 1228 3217 saporis
1267 3123 1381 3211 mitis,

185 3257 438 3345 temperatura
457 3256 640 3325 consueta
658 3251 798 3344 fragile,
823 3251 897 3324 leni
917 3252 1040 3324 calore
1062 3253 1282 3344 (30—350)
1302 3252 1383 3325 sine

184 3379 395 3452 sedimento
411 3378 635 3472 liquescens
655 3377 698 3452 In
718 3378 880 3451 aetheris
900 3379 1019 3452 tribus
1039 3379 1211 3472 partibus
1231 3379 1382 3471 limpide

184 3506 362 3595 solvatur,
372 3526 470 3599 quae
482 3505 619 3579 solutio
633 3507 745 3579 etiam
760 3504 915 3598 limpida
928 3510 1091 3578 maneat
1103 3506 1199 3578 Cum
1213 3505 1380 3578 miscella

183 3654 203 3706 e
238 3633 384 3707 duabus
411 3633 579 3727 partibus
600 3655 721 3727 aquae
751 3638 787 3707 et
812 3637 918 3725 parte
950 3654 1028 3706 una
1056 3631 1268 3706 ammoniae
1289 3653 1379 3706 cou-

184 3766 420 3853 quassalum,
440 3760 597 3833 liuidum
615 3761 778 3833 lacteum
797 3779 845 3832 ne
863 3760 1054 3852 praebeat.

535 4227 718 4335 ilicum
743 4227 1011 4336 oudinum.

292 4453 322 4525 Ε
341 4453 441 4545 ligno
461 4450 628 4547 Juniperi
647 4451 818 4548 Ooycedri
836 4450 999 4548 (Linn.)
1016 4450 1265 4523 destillatione
1282 4449 1381 4524 sicca

184 4581 379 4653 obtentum
409 4580 534 4652 oleum
561 4579 939 4673 empyreumaticum;
969 4577 1018 4649 sit
1037 4577 1198 4650 obscure
1218 4579 1379 4664 fuscum,

185 4707 484 4799 spissiusculum,
503 4705 594 4798 picis
613 4705 776 4798 liquidae
797 4703 926 4778 simile.
