3500 5450
657 558 897 630 *usi-

223 788 224 791 ‘
310 773 455 852 Illorum
475 771 646 852 lerlasct

381 961 397 992 „
470 900 606 980 llalvac

383 1090 397 1118 ,‚
471 1027 665 1108 llhoculos

311 1156 462 1235 Fructus
482 1156 579 1234 Arist
600 1154 737 1235 stellati
794 1156 842 1230 d'a
863 1165 1066 1255 prammata
1085 1159 1246 1255 quinque.
1351 1163 1374 1232 5

286 1285 450 1359 Concisa
468 1290 504 1358 et
524 1291 683 1360 contusa
701 1285 940 1358 misceantur.

647 1735 897 1878 Spiritus.

285 1959 343 2033 Ad
372 1960 561 2052 parandos
582 1957 740 2051 Spiritus
772 1959 979 2033 destillatos
1007 1960 1260 2050 medicinales
1290 1963 1377 2035 sub-

175 2087 337 2160 stantiae
369 2086 409 2159 in
444 2107 578 2179 genere
612 2087 786 2160 concisae
820 2087 880 2159 vel
909 2093 1088 2161 contusae
1118 2088 1376 2178 adhibeantur,

175 2236 271 2307 quae
300 2220 387 2288 ante
423 2213 712 2288 destillationem
745 2236 831 2287 cum
858 2216 1088 2308 praescripta
1115 2215 1269 2309 spiritus
1301 2216 1377 2288 vini

175 2341 384 2433 quantitate
403 2362 471 2433 per
490 2340 688 2414 duodecim
702 2341 817 2415 horas
833 2349 1083 2431 macerentur;
1100 2342 1298 2415 destillatio
1313 2343 1379 2416 fiat

174 2469 257 2560 lege
277 2467 369 2540 artis
389 2467 428 2539 in
447 2466 581 2540 balneo
602 2468 762 2559 vaporis,

285 2613 445 2707 Spin'tus
466 2613 642 2687 destillati
661 2615 903 2688 medicinales
928 2616 1004 2689 sint
1030 2615 1156 2688 odoris
1176 2622 1212 2690 et
1232 2615 1378 2710 saporis

174 2743 337 2836 partium
360 2740 564 2814 volatilium
592 2747 628 2815 et
652 2742 693 2814 in
712 2743 844 2836 spiritu
863 2743 941 2816 vini
961 2743 1176 2817 solubilium
1214 2745 1376 2817 medica·

175 2871 329 2962 minum,
352 2892 371 2943 e
392 2870 529 2963 quibus
549 2876 738 2962 parantur.

286 3017 487 3089 Serventur
505 3016 544 3088 in
563 3016 707 3108 lagenis
728 3016 866 3110 optime
888 3017 1037 3106 clausis
1057 3018 1141 3091 loco
1161 3018 1324 3091 obscuro
1344 3022 1381 3092 et

174 3144 318 3237 frigido.

505 3592 1037 3768 “Spiritusssletheris

513 3805 543 3810 ”
569 3801 988 3937 ΕἰᾳίιονξΗοὶΐηιαηηὶ.

177 4017 279 4111 Rpe:
313 4012 479 4093 lotheris
532 4024 735 4112 prammotu
755 4019 881 4115 vipioti
901 4021 1053 4115 quinque
1328 4022 1377 4094 25

315 4160 473 4267 Spiritus
493 4159 571 4239 Vlnl
591 4163 818 4242 ccuccntratl
891 4172 1094 4261 qrammata
1112 4172 1250 4261 septua-

986 4292 1088 4389 pinta
1108 4295 1271 4389 quinque.
1330 4294 1380 4366 75

287 4438 403 4511 Misce
422 4438 516 4511 etin
535 4439 671 4531 lagena
690 4440 785 4513 bene
807 4439 936 4513 clausa
957 4459 1076 4513 serva.

288 4585 343 4657 sn
360 4564 500 4676 inquot
519 4583 706 4678 nmpnus,
726 4586 905 4678 ponderis
926 4607 1025 4679 spec.
1045 4586 1176 4659 oeno.

288 4729 448 4825 Spiritus
467 4729 571 4802 Ferri
588 4730 853 4826 sesquielclolutc‘
872 4731 1055 4803 aethereus.
