3500 5450
921 589 1130 662 -106-

425 804 712 898 praecipitatum
732 805 959 895 caeruleum,
991 810 1146 898 argento
1170 804 1302 878 uitrico
1327 805 1466 894 album,
1497 823 1642 877 caseo-

425 952 521 1019 surn,
556 931 747 1004 ammonia
780 932 989 1006 abundanti
1018 934 1277 1025 gelatinosurn‚
1299 953 1318 1004 c
1338 933 1451 1005 rubro
1478 933 1639 1005 fuscum

425 1058 550 1150 gignit.
598 1059 736 1151 Liquor
783 1080 829 1131 ex
876 1059 950 1131 hoc
988 1061 1119 1133 ultimo
1157 1059 1400 1152 praecipitato
1447 1056 1638 1131 filtrando

426 1186 610 1274 obtentua
626 1186 762 1259 coloris
779 1207 927 1278 expers,
945 1192 1191 1280 evaporatum
1206 1192 1242 1260 et
1257 1187 1520 1259 candefactum
1533 1184 1638 1258 resi·

426 1314 544 1386 duum
562 1314 706 1387 nullum
725 1313 922 1407 relinquat,
947 1335 1069 1407 neque
1084 1314 1249 1388 admixto
1266 1313 1418 1387 dimidio
1434 1312 1638 1387 volumine

426 1441 522 1513 acidi
543 1441 710 1514 sulfiuici
730 1442 960 1514 concentrati
980 1445 1018 1515 et
1032 1442 1119 1514 dein
1139 1448 1247 1515 caule
1271 1441 1514 1533 superinfusa
1528 1440 1638 1513 solu·

428 1567 529 1641 tione
548 1568 634 1640 terri
655 1568 831 1657 subduci,
860 1590 904 1642 eo
923 1569 1048 1661 plann,
1071 1590 1145 1661 quo
1164 1569 1261 1641 inter
1281 1589 1322 1641 se
1341 1567 1510 1660 liquores
1540 1587 1637 1640 con·

426 1694 581 1787 tingunt,
604 1716 738 1768 zonam
758 1695 904 1768 fuscam
925 1695 1070 1768 efficiat.

535 1822 755 1895 Grammata
792 1823 924 1896 decern
950 1822 1052 1897 Ferri
1087 1822 1375 1916 sesquichlorati
1413 1823 1451 1895 in
1490 1823 1637 1914 exigua

428 1950 634 2042 quantitate
656 1972 777 2042 aquae
797 1950 933 2038 soluta,
963 1949 1135 2023 admixtis
1159 1951 1307 2023 duobus
1336 1950 1514 2041 grammis
1540 1949 1637 2021 kalii

426 2076 578 2149 clrlorici
623 2077 806 2170 pulverali
847 2082 884 2149 et
921 2077 1050 2168 viginti
1084 2077 1312 2151 centimetris
1351 2078 1490 2149 cubicis
1530 2076 1638 2149 acidi

426 2203 591 2276 sulsurici
639 2204 880 2293 concentrati,
919 2206 1111 2293 calefacta,
1151 2205 1272 2277 donec
1319 2226 1480 2296 vapores
1530 2204 1640 2276 acidi

427 2330 593 2403 sulfurici
626 2331 775 2422 largiter
794 2332 1021 2422 emittantur,
1055 2334 1249 2406 residuum
1274 2332 1490 2424 praebeant,
1524 2331 1640 2423 quod

425 2456 685 2548 refrigeratum
719 2463 756 2530 et
788 2480 888 2550 aqua
920 2461 1085 2532 solutum
1114 2459 1356 2552 inapparatu
1387 2458 1542 2532 Marshii
1586 2480 1641 2531 ne

427 2585 579 2677 quidem
598 2585 755 2677 vestigia
775 2585 934 2658 arsenici
953 2586 1099 2679 prodat.

534 2711 692 2808 Spiritus
711 2713 814 2786 Ferri
834 2712 1097 2810 sesquichlcrati
1117 2712 1296 2786 adherens.

519 3109 741 3218 llerrum
763 3108 1255 3249 sesquicbloruturu
1280 3109 1535 3218 solutum.

561 3349 659 3427 llerri
680 3348 962 3452 sesqulohlmti
982 3349 1218 3449 crystalllaati
1355 3356 1496 3445 portem
1517 3374 1645 3422 unam

426 3479 529 3552 solve
549 3480 587 3551 in

560 3604 683 3707 Aque
703 3602 916 3682 destinatae
931 3611 1037 3700 laerte
1056 3607 1207 3700 aequali.

534 3733 588 3806 Sit
605 3733 782 3826 ponderis
801 3733 964 3826 specilici
990 3734 1087 3806 lna.

725 4129 950 4236 llcrrurn
977 4127 1312 4237 suliuricurn.

534 4373 705 4464 Crystalli
738 4373 1150 4460 subcaeruleo-virides,
1195 4380 1280 4445 a'c‘re
1314 4372 1552 4459 fatiscenteS,
1601 4373 1643 4444 in

424 4523 525 4594 aqua
538 4500 644 4573 facile
660 4500 851 4572 solubiles.
868 4499 1013 4573 Solutio
1030 4520 1178 4592 aquosa
1188 4498 1388 4571 reactionis
1406 4498 1643 4585 subacidae,

423 4629 570 4721 adjecto
599 4627 963 4718 lolio-ferricyanato
994 4627 1118 4699 soluto
1162 4626 1414 4698 sedimenturu
1467 4626 1646 4700 demittit

422 4755 570 4827 intense
590 4755 813 4843 caeruleum,
833 4755 950 4846 baryo
970 4754 1100 4826 nitrico
1122 4753 1259 4842 album,
1280 4753 1318 4824 in
1344 4752 1461 4825 acidis
1483 4753 1641 4828 insolu-
