<?xml version="1.0" encoding="UTF-8"?>
<!DOCTYPE html PUBLIC "-//W3C//DTD XHTML 1.0 Transitional//EN"
    "http://www.w3.org/TR/xhtml1/DTD/xhtml1-transitional.dtd">
<html xmlns="http://www.w3.org/1999/xhtml" xml:lang="en" lang="en">
 <head>
  <title>
</title>
<meta http-equiv="Content-Type" content="text/html;charset=utf-8" />
  <meta name='ocr-system' content='tesseract 3.04.00' />
  <meta name='ocr-capabilities' content='ocr_page ocr_carea ocr_par ocr_line ocrx_word'/>
</head>
<body>
  <div class='ocr_page' id='page_1' title='image "./pharmacopoeaaus02unkngoog_0070.png"; bbox 0 0 3500 5450; ppageno 0'>
   <div class='ocr_carea' id='block_1_1' title="bbox 914 535 1124 610">
    <p class='ocr_par' dir='ltr' id='par_1_1' title="bbox 914 535 1124 610">
     <span class='ocr_line' id='line_1_1' title="bbox 914 535 1124 610; baseline 0.005 -21"><span class='ocrx_word' id='word_1_1' title='bbox 914 535 1124 610; x_wconf 72' lang='lat'>..46-</span> 
     </span>
    </p>
   </div>
   <div class='ocr_carea' id='block_1_2' title="bbox 481 746 1566 894">
    <p class='ocr_par' dir='ltr' id='par_1_2' title="bbox 481 746 1566 894">
     <span class='ocr_line' id='line_1_2' title="bbox 481 746 1566 894; baseline 0.01 -37"><span class='ocrx_word' id='word_1_2' title='bbox 481 746 720 857; x_wconf 70' lang='lat' dir='ltr'>beloium</span> <span class='ocrx_word' id='word_1_3' title='bbox 746 749 1091 858; x_wconf 68' lang='lat' dir='ltr'><strong>carbunicam</strong></span> <span class='ocrx_word' id='word_1_4' title='bbox 1119 752 1566 894; x_wconf 76' lang='lat' dir='ltr'>praecipitatum.</span> 
     </span>
    </p>
   </div>
   <div class='ocr_carea' id='block_1_3' title="bbox 420 937 1640 2181">
    <p class='ocr_par' dir='ltr' id='par_1_3' title="bbox 420 937 1640 1415">
     <span class='ocr_line' id='line_1_3' title="bbox 528 937 1640 1035; baseline 0.003 -26"><span class='ocrx_word' id='word_1_5' title='bbox 528 937 655 1011; x_wconf 83' lang='lat' dir='ltr'>Pulvis</span> <span class='ocrx_word' id='word_1_6' title='bbox 671 937 792 1026; x_wconf 84' lang='lat' dir='ltr'>albus,</span> <span class='ocrx_word' id='word_1_7' title='bbox 809 939 1059 1032; x_wconf 73' lang='lat' dir='ltr'>crystallinus</span> <span class='ocrx_word' id='word_1_8' title='bbox 1076 939 1360 1030; x_wconf 68' lang='lat' dir='ltr'>subtilissimus</span> <span class='ocrx_word' id='word_1_9' title='bbox 1376 942 1531 1035; x_wconf 80' lang='lat' dir='ltr'>ineque</span> <span class='ocrx_word' id='word_1_10' title='bbox 1549 941 1640 1013; x_wconf 87' lang='lat' dir='ltr'>fere</span> 
     </span>
     <span class='ocr_line' id='line_1_4' title="bbox 420 1065 1639 1163; baseline 0.002 -25"><span class='ocrx_word' id='word_1_11' title='bbox 420 1065 639 1154; x_wconf 89' lang='lat' dir='ltr'>insolubilis,</span> <span class='ocrx_word' id='word_1_12' title='bbox 658 1066 698 1138; x_wconf 92' lang='lat' dir='ltr'>in</span> <span class='ocrx_word' id='word_1_13' title='bbox 718 1066 825 1140; x_wconf 83' lang='lat' dir='ltr'>acido</span> <span class='ocrx_word' id='word_1_14' title='bbox 844 1067 984 1140; x_wconf 82' lang='lat' dir='ltr'>aeetieo</span> <span class='ocrx_word' id='word_1_15' title='bbox 1005 1067 1123 1141; x_wconf 89' lang='lat' dir='ltr'>diluto</span> <span class='ocrx_word' id='word_1_16' title='bbox 1138 1089 1224 1141; x_wconf 86' lang='lat' dir='ltr'>eum</span> <span class='ocrx_word' id='word_1_17' title='bbox 1239 1069 1520 1143; x_wconf 79' lang='lat' dir='ltr'>effervescentia</span> <span class='ocrx_word' id='word_1_18' title='bbox 1540 1090 1639 1163; x_wconf 84' lang='lat' dir='ltr'>per·</span> 
     </span>
     <span class='ocr_line' id='line_1_5' title="bbox 421 1194 1639 1285; baseline 0.002 -20"><span class='ocrx_word' id='word_1_19' title='bbox 421 1194 514 1268; x_wconf 85' lang='lat' dir='ltr'>seete</span> <span class='ocrx_word' id='word_1_20' title='bbox 547 1194 770 1281; x_wconf 86' lang='lat' dir='ltr'>solvendus;</span> <span class='ocrx_word' id='word_1_21' title='bbox 801 1194 938 1268; x_wconf 87' lang='lat' dir='ltr'>solutio</span> <span class='ocrx_word' id='word_1_22' title='bbox 970 1195 1119 1285; x_wconf 73' lang='lat' dir='ltr'>ucetica,</span> <span class='ocrx_word' id='word_1_23' title='bbox 1150 1217 1236 1270; x_wconf 83' lang='lat' dir='ltr'>oum</span> <span class='ocrx_word' id='word_1_24' title='bbox 1256 1197 1446 1271; x_wconf 76' lang='lat' dir='ltr'>ammonio</span> <span class='ocrx_word' id='word_1_25' title='bbox 1476 1196 1639 1270; x_wconf 83' lang='lat' dir='ltr'>oxalico</span> 
     </span>
     <span class='ocr_line' id='line_1_6' title="bbox 421 1321 1410 1415; baseline 0.005 -23"><span class='ocrx_word' id='word_1_26' title='bbox 421 1325 574 1411; x_wconf 85' lang='lat' dir='ltr'>tentata,</span> <span class='ocrx_word' id='word_1_27' title='bbox 595 1322 847 1396; x_wconf 88' lang='lat' dir='ltr'>sedimentum</span> <span class='ocrx_word' id='word_1_28' title='bbox 867 1321 996 1397; x_wconf 80' lang='lat' dir='ltr'>album</span> <span class='ocrx_word' id='word_1_29' title='bbox 1015 1322 1268 1415; x_wconf 83' lang='lat' dir='ltr'>crystallinum</span> <span class='ocrx_word' id='word_1_30' title='bbox 1288 1324 1410 1398; x_wconf 87' lang='lat' dir='ltr'>efficit.</span> 
     </span>
    </p>

    <p class='ocr_par' dir='ltr' id='par_1_4' title="bbox 422 1448 1640 1926">
     <span class='ocr_line' id='line_1_7' title="bbox 532 1448 1638 1544; baseline 0.002 -24"><span class='ocrx_word' id='word_1_31' title='bbox 532 1448 626 1522; x_wconf 87' lang='lat' dir='ltr'>Cum</span> <span class='ocrx_word' id='word_1_32' title='bbox 655 1470 756 1541; x_wconf 83' lang='lat' dir='ltr'>aqua</span> <span class='ocrx_word' id='word_1_33' title='bbox 784 1450 975 1523; x_wconf 83' lang='lat' dir='ltr'>destillata</span> <span class='ocrx_word' id='word_1_34' title='bbox 994 1456 1196 1542; x_wconf 82' lang='lat' dir='ltr'>quassatus</span> <span class='ocrx_word' id='word_1_35' title='bbox 1225 1451 1411 1544; x_wconf 86' lang='lat' dir='ltr'>liquorem</span> <span class='ocrx_word' id='word_1_36' title='bbox 1428 1452 1638 1544; x_wconf 76' lang='lat' dir='ltr'>praebeat,</span> 
     </span>
     <span class='ocr_line' id='line_1_8' title="bbox 422 1576 1639 1671; baseline 0 -23"><span class='ocrx_word' id='word_1_37' title='bbox 422 1577 485 1667; x_wconf 88' lang='lat' dir='ltr'>qui</span> <span class='ocrx_word' id='word_1_38' title='bbox 505 1576 664 1650; x_wconf 83' lang='lat' dir='ltr'>filtratus</span> <span class='ocrx_word' id='word_1_39' title='bbox 694 1579 838 1651; x_wconf 85' lang='lat' dir='ltr'>nullam</span> <span class='ocrx_word' id='word_1_40' title='bbox 866 1579 927 1651; x_wconf 92' lang='lat' dir='ltr'>vel</span> <span class='ocrx_word' id='word_1_41' title='bbox 955 1578 1105 1651; x_wconf 87' lang='lat' dir='ltr'>nonnisi</span> <span class='ocrx_word' id='word_1_42' title='bbox 1129 1579 1305 1671; x_wconf 81' lang='lat' dir='ltr'>exiguam</span> <span class='ocrx_word' id='word_1_43' title='bbox 1322 1580 1557 1653; x_wconf 85' lang='lat' dir='ltr'>reaotionem</span> <span class='ocrx_word' id='word_1_44' title='bbox 1581 1577 1639 1649; x_wconf 83' lang='lat' dir='ltr'>al-</span> 
     </span>
     <span class='ocr_line' id='line_1_9' title="bbox 423 1704 1640 1800; baseline 0.001 -23"><span class='ocrx_word' id='word_1_45' title='bbox 423 1704 581 1777; x_wconf 83' lang='lat' dir='ltr'>oalinam</span> <span class='ocrx_word' id='word_1_46' title='bbox 619 1705 770 1778; x_wconf 82' lang='lat' dir='ltr'>exhibet</span> <span class='ocrx_word' id='word_1_47' title='bbox 812 1711 848 1779; x_wconf 91' lang='lat' dir='ltr'>et</span> <span class='ocrx_word' id='word_1_48' title='bbox 887 1705 934 1778; x_wconf 82' lang='lat' dir='ltr'>ed</span> <span class='ocrx_word' id='word_1_49' title='bbox 974 1705 1117 1778; x_wconf 88' lang='lat' dir='ltr'>siccum</span> <span class='ocrx_word' id='word_1_50' title='bbox 1159 1713 1388 1799; x_wconf 84' lang='lat' dir='ltr'>evaporatus</span> <span class='ocrx_word' id='word_1_51' title='bbox 1426 1705 1640 1800; x_wconf 75' lang='lat' dir='ltr'>paullulum</span> 
     </span>
     <span class='ocr_line' id='line_1_10' title="bbox 424 1831 980 1926; baseline 0.004 -21"><span class='ocrx_word' id='word_1_52' title='bbox 424 1833 621 1905; x_wconf 78' lang='lat' dir='ltr'><strong>dumtaxat</strong></span> <span class='ocrx_word' id='word_1_53' title='bbox 639 1831 778 1905; x_wconf 86' lang='lat' dir='ltr'>residui</span> <span class='ocrx_word' id='word_1_54' title='bbox 796 1833 980 1926; x_wconf 84' lang='lat' dir='ltr'>relinquit.</span> 
     </span>
    </p>

    <p class='ocr_par' dir='ltr' id='par_1_5' title="bbox 423 1957 1640 2181">
     <span class='ocr_line' id='line_1_11' title="bbox 532 1957 1639 2054; baseline 0.001 -23"><span class='ocrx_word' id='word_1_55' title='bbox 532 1959 675 2033; x_wconf 88' lang='lat' dir='ltr'>Solutio</span> <span class='ocrx_word' id='word_1_56' title='bbox 697 1981 843 2052; x_wconf 81' lang='lat' dir='ltr'>aquosa</span> <span class='ocrx_word' id='word_1_57' title='bbox 862 1981 934 2054; x_wconf 90' lang='lat' dir='ltr'>ope</span> <span class='ocrx_word' id='word_1_58' title='bbox 951 1961 1047 2034; x_wconf 79' lang='lat' dir='ltr'>acidi</span> <span class='ocrx_word' id='word_1_59' title='bbox 1064 1957 1336 2052; x_wconf 85' lang='lat' dir='ltr'>hydroohlorici</span> <span class='ocrx_word' id='word_1_60' title='bbox 1358 1962 1502 2051; x_wconf 83' lang='lat' dir='ltr'>effecta,</span> <span class='ocrx_word' id='word_1_61' title='bbox 1525 1982 1639 2053; x_wconf 81' lang='lat' dir='ltr'>aqua</span> 
     </span>
     <span class='ocr_line' id='line_1_12' title="bbox 423 2087 1640 2181; baseline 0.001 -22"><span class='ocrx_word' id='word_1_62' title='bbox 423 2087 732 2179; x_wconf 74' lang='lat' dir='ltr'>hydrosulfurata</span> <span class='ocrx_word' id='word_1_63' title='bbox 759 2109 808 2162; x_wconf 90' lang='lat' dir='ltr'>ne</span> <span class='ocrx_word' id='word_1_64' title='bbox 833 2093 998 2162; x_wconf 87' lang='lat' dir='ltr'>mutetur</span> <span class='ocrx_word' id='word_1_65' title='bbox 1026 2095 1063 2161; x_wconf 87' lang='lat' dir='ltr'>et</span> <span class='ocrx_word' id='word_1_66' title='bbox 1087 2088 1333 2181; x_wconf 84' lang='lat' dir='ltr'>superaddita</span> <span class='ocrx_word' id='word_1_67' title='bbox 1362 2089 1556 2162; x_wconf 82' lang='lat' dir='ltr'>ammonia</span> <span class='ocrx_word' id='word_1_68' title='bbox 1591 2110 1640 2161; x_wconf 84' lang='lat' dir='ltr'>ac</span> 
     </span>
    </p>
   </div>
   <div class='ocr_carea' id='block_1_4' title="bbox 425 2215 1354 2439">
    <p class='ocr_par' dir='ltr' id='par_1_6' title="bbox 425 2215 1354 2439">
     <span class='ocr_line' id='line_1_13' title="bbox 425 2215 1354 2309; baseline 0.002 -22"><span class='ocrx_word' id='word_1_69' title='bbox 425 2215 614 2289; x_wconf 82' lang='lat' dir='ltr'>ammonio</span> <span class='ocrx_word' id='word_1_70' title='bbox 635 2215 818 2289; x_wconf 78' lang='lat' dir='ltr'>sulfurato</span> <span class='ocrx_word' id='word_1_71' title='bbox 839 2216 1091 2290; x_wconf 87' lang='lat' dir='ltr'>sedimentum</span> <span class='ocrx_word' id='word_1_72' title='bbox 1109 2236 1158 2288; x_wconf 88' lang='lat' dir='ltr'>ne</span> <span class='ocrx_word' id='word_1_73' title='bbox 1179 2216 1354 2309; x_wconf 81' lang='lat' dir='ltr'>deponat.</span> 
     </span>
     <span class='ocr_line' id='line_1_14' title="bbox 532 2341 1031 2439; baseline 0.002 -25"><span class='ocrx_word' id='word_1_74' title='bbox 532 2341 657 2415; x_wconf 80' lang='lat' dir='ltr'>Pulvis</span> <span class='ocrx_word' id='word_1_75' title='bbox 676 2342 898 2439; x_wconf 76' lang='lat' dir='ltr'>dentifricius</span> <span class='ocrx_word' id='word_1_76' title='bbox 918 2343 1031 2416; x_wconf 64' lang='lat' dir='ltr'>dhus.</span> 
     </span>
    </p>
   </div>
   <div class='ocr_carea' id='block_1_5' title="bbox 606 2591 1453 2738">
    <p class='ocr_par' dir='ltr' id='par_1_7' title="bbox 606 2591 1453 2738">
     <span class='ocr_line' id='line_1_15' title="bbox 606 2591 1453 2738; baseline 0.014 -39"><span class='ocrx_word' id='word_1_77' title='bbox 606 2591 841 2702; x_wconf 73' lang='lat' dir='ltr'>calorum</span> <span class='ocrx_word' id='word_1_78' title='bbox 868 2594 1216 2703; x_wconf 78' lang='lat' dir='ltr'>carbonioum</span> <span class='ocrx_word' id='word_1_79' title='bbox 1243 2627 1453 2738; x_wconf 86' lang='lat' dir='ltr'>purum.</span> 
     </span>
    </p>
   </div>
   <div class='ocr_carea' id='block_1_6' title="bbox 424 2798 1633 4788">
    <p class='ocr_par' dir='ltr' id='par_1_8' title="bbox 424 2798 1633 3148">
     <span class='ocr_line' id='line_1_16' title="bbox 534 2798 1633 2893; baseline -0.001 -22"><span class='ocrx_word' id='word_1_80' title='bbox 534 2798 663 2872; x_wconf 91' lang='lat' dir='ltr'>Pulvis</span> <span class='ocrx_word' id='word_1_81' title='bbox 702 2800 828 2889; x_wconf 78' lang='lat' dir='ltr'>albuS‚</span> <span class='ocrx_word' id='word_1_82' title='bbox 868 2800 1117 2892; x_wconf 81' lang='lat' dir='ltr'>crystallinus,</span> <span class='ocrx_word' id='word_1_83' title='bbox 1156 2801 1436 2890; x_wconf 87' lang='lat' dir='ltr'>subtilissimus,</span> <span class='ocrx_word' id='word_1_84' title='bbox 1476 2799 1633 2893; x_wconf 84' lang='lat' dir='ltr'>saporis</span> 
     </span>
     <span class='ocr_line' id='line_1_17' title="bbox 425 2927 1631 3021; baseline 0.002 -24"><span class='ocrx_word' id='word_1_85' title='bbox 425 2947 568 3018; x_wconf 69' lang='lat' dir='ltr'>expers</span> <span class='ocrx_word' id='word_1_86' title='bbox 596 2927 635 2999; x_wconf 90' lang='lat' dir='ltr'>in</span> <span class='ocrx_word' id='word_1_87' title='bbox 664 2949 765 3019; x_wconf 81' lang='lat' dir='ltr'>equa</span> <span class='ocrx_word' id='word_1_88' title='bbox 791 2927 1014 3017; x_wconf 87' lang='lat' dir='ltr'>insolubilis,</span> <span class='ocrx_word' id='word_1_89' title='bbox 1044 2929 1112 3016; x_wconf 89' lang='lat' dir='ltr'>cui,</span> <span class='ocrx_word' id='word_1_90' title='bbox 1141 2929 1174 3001; x_wconf 88' lang='lat' dir='ltr'>si</span> <span class='ocrx_word' id='word_1_91' title='bbox 1202 2949 1288 3001; x_wconf 88' lang='lat' dir='ltr'>cum</span> <span class='ocrx_word' id='word_1_92' title='bbox 1309 2950 1355 3001; x_wconf 82' lang='lat' dir='ltr'>ea</span> <span class='ocrx_word' id='word_1_93' title='bbox 1372 2927 1631 3021; x_wconf 76' lang='lat' dir='ltr'>quassaveris</span> 
     </span>
     <span class='ocr_line' id='line_1_18' title="bbox 424 3053 1630 3148; baseline 0.002 -23"><span class='ocrx_word' id='word_1_94' title='bbox 424 3053 654 3127; x_wconf 84' lang='lat' dir='ltr'>reectionem</span> <span class='ocrx_word' id='word_1_95' title='bbox 671 3054 869 3127; x_wconf 82' lang='lat' dir='ltr'>aloalinam</span> <span class='ocrx_word' id='word_1_96' title='bbox 887 3076 936 3128; x_wconf 87' lang='lat' dir='ltr'>ne</span> <span class='ocrx_word' id='word_1_97' title='bbox 951 3056 1099 3147; x_wconf 86' lang='lat' dir='ltr'>tribuat,</span> <span class='ocrx_word' id='word_1_98' title='bbox 1119 3077 1214 3129; x_wconf 87' lang='lat' dir='ltr'>neve</span> <span class='ocrx_word' id='word_1_99' title='bbox 1230 3056 1318 3148; x_wconf 91' lang='lat' dir='ltr'>quid</span> <span class='ocrx_word' id='word_1_100' title='bbox 1333 3056 1490 3128; x_wconf 86' lang='lat' dir='ltr'>solubile</span> <span class='ocrx_word' id='word_1_101' title='bbox 1505 3055 1630 3127; x_wconf 80' lang='lat' dir='ltr'>cedat</span> 
     </span>
    </p>

    <p class='ocr_par' dir='ltr' id='par_1_9' title="bbox 425 3181 1630 3915">
     <span class='ocr_line' id='line_1_19' title="bbox 535 3181 1630 3277; baseline -0.001 -23"><span class='ocrx_word' id='word_1_102' title='bbox 535 3181 678 3255; x_wconf 87' lang='lat' dir='ltr'>Solutio</span> <span class='ocrx_word' id='word_1_103' title='bbox 700 3203 785 3255; x_wconf 86' lang='lat' dir='ltr'>oum</span> <span class='ocrx_word' id='word_1_104' title='bbox 806 3183 1079 3276; x_wconf 82' lang='lat' dir='ltr'>quinquaginta</span> <span class='ocrx_word' id='word_1_105' title='bbox 1093 3184 1263 3277; x_wconf 79' lang='lat' dir='ltr'>partibus</span> <span class='ocrx_word' id='word_1_106' title='bbox 1280 3205 1400 3276; x_wconf 80' lang='lat' dir='ltr'>aquae</span> <span class='ocrx_word' id='word_1_107' title='bbox 1417 3182 1630 3256; x_wconf 82' lang='lat' dir='ltr'>destilletae</span> 
     </span>
     <span class='ocr_line' id='line_1_20' title="bbox 426 3308 1630 3404; baseline -0.002 -21"><span class='ocrx_word' id='word_1_108' title='bbox 426 3315 463 3383; x_wconf 88' lang='lat' dir='ltr'>et</span> <span class='ocrx_word' id='word_1_109' title='bbox 490 3309 696 3383; x_wconf 83' lang='lat' dir='ltr'>sufficiente</span> <span class='ocrx_word' id='word_1_110' title='bbox 718 3311 925 3402; x_wconf 85' lang='lat' dir='ltr'>quantitate</span> <span class='ocrx_word' id='word_1_111' title='bbox 951 3311 1046 3384; x_wconf 79' lang='lat' dir='ltr'>acidi</span> <span class='ocrx_word' id='word_1_112' title='bbox 1066 3310 1339 3403; x_wconf 86' lang='lat' dir='ltr'>hydroohlorioi</span> <span class='ocrx_word' id='word_1_113' title='bbox 1366 3316 1509 3404; x_wconf 82' lang='lat' dir='ltr'>parata,</span> <span class='ocrx_word' id='word_1_114' title='bbox 1540 3308 1630 3382; x_wconf 84' lang='lat' dir='ltr'>dein</span> 
     </span>
     <span class='ocr_line' id='line_1_21' title="bbox 427 3437 1629 3529; baseline -0.002 -20"><span class='ocrx_word' id='word_1_115' title='bbox 427 3437 618 3510; x_wconf 83' lang='lat' dir='ltr'>ammonia</span> <span class='ocrx_word' id='word_1_116' title='bbox 656 3443 835 3529; x_wconf 81' lang='lat' dir='ltr'>saturata,</span> <span class='ocrx_word' id='word_1_117' title='bbox 884 3461 969 3511; x_wconf 85' lang='lat' dir='ltr'>eum</span> <span class='ocrx_word' id='word_1_118' title='bbox 1009 3439 1199 3512; x_wconf 83' lang='lat' dir='ltr'>ammonio</span> <span class='ocrx_word' id='word_1_119' title='bbox 1238 3438 1383 3511; x_wconf 83' lang='lat' dir='ltr'>oxalieo</span> <span class='ocrx_word' id='word_1_120' title='bbox 1422 3438 1629 3511; x_wconf 85' lang='lat' dir='ltr'>excedente</span> 
     </span>
     <span class='ocr_line' id='line_1_22' title="bbox 426 3564 1627 3659; baseline -0.002 -22"><span class='ocrx_word' id='word_1_121' title='bbox 426 3565 570 3657; x_wconf 81' lang='lat' dir='ltr'>largum</span> <span class='ocrx_word' id='word_1_122' title='bbox 597 3566 883 3659; x_wconf 79' lang='lat' dir='ltr'>praecipitatum</span> <span class='ocrx_word' id='word_1_123' title='bbox 912 3568 1034 3640; x_wconf 79' lang='lat' dir='ltr'>efficit.</span> <span class='ocrx_word' id='word_1_124' title='bbox 1063 3566 1211 3659; x_wconf 87' lang='lat' dir='ltr'>Liquor‚</span> <span class='ocrx_word' id='word_1_125' title='bbox 1242 3566 1491 3639; x_wconf 84' lang='lat' dir='ltr'>asedimento</span> <span class='ocrx_word' id='word_1_126' title='bbox 1510 3564 1627 3637; x_wconf 86' lang='lat' dir='ltr'>filtra-</span> 
     </span>
     <span class='ocr_line' id='line_1_23' title="bbox 425 3691 1630 3789; baseline -0.005 -21"><span class='ocrx_word' id='word_1_127' title='bbox 425 3694 527 3768; x_wconf 91' lang='lat' dir='ltr'>tioue</span> <span class='ocrx_word' id='word_1_128' title='bbox 564 3699 774 3789; x_wconf 71' lang='lat' dir='ltr'>separatus</span> <span class='ocrx_word' id='word_1_129' title='bbox 812 3695 933 3767; x_wconf 85' lang='lat' dir='ltr'>natrio</span> <span class='ocrx_word' id='word_1_130' title='bbox 976 3693 1233 3787; x_wconf 89' lang='lat' dir='ltr'>phosphorico</span> <span class='ocrx_word' id='word_1_131' title='bbox 1282 3696 1318 3765; x_wconf 90' lang='lat' dir='ltr'>et</span> <span class='ocrx_word' id='word_1_132' title='bbox 1356 3696 1442 3783; x_wconf 87' lang='lat' dir='ltr'>post</span> <span class='ocrx_word' id='word_1_133' title='bbox 1477 3691 1630 3781; x_wconf 86' lang='lat' dir='ltr'>longius</span> 
     </span>
     <span class='ocr_line' id='line_1_24' title="bbox 427 3821 1133 3915; baseline 0 -21"><span class='ocrx_word' id='word_1_134' title='bbox 427 3823 608 3915; x_wconf 88' lang='lat' dir='ltr'>temporis</span> <span class='ocrx_word' id='word_1_135' title='bbox 627 3821 867 3897; x_wconf 83' lang='lat' dir='ltr'>intervallum</span> <span class='ocrx_word' id='word_1_136' title='bbox 885 3842 933 3894; x_wconf 92' lang='lat' dir='ltr'>ne</span> <span class='ocrx_word' id='word_1_137' title='bbox 952 3821 1133 3895; x_wconf 88' lang='lat' dir='ltr'>turbetur.</span> 
     </span>
    </p>

    <p class='ocr_par' dir='ltr' id='par_1_10' title="bbox 427 3945 1630 4406">
     <span class='ocr_line' id='line_1_25' title="bbox 538 3945 1629 4041; baseline -0.005 -19"><span class='ocrx_word' id='word_1_138' title='bbox 538 3949 652 4022; x_wconf 87' lang='lat' dir='ltr'>Caleii</span> <span class='ocrx_word' id='word_1_139' title='bbox 680 3949 865 4023; x_wconf 79' lang='lat' dir='ltr'>corbonici</span> <span class='ocrx_word' id='word_1_140' title='bbox 891 3949 1032 4024; x_wconf 89' lang='lat' dir='ltr'>solutio</span> <span class='ocrx_word' id='word_1_141' title='bbox 1060 3947 1345 4041; x_wconf 82' lang='lat' dir='ltr'>hydrochlorica</span> <span class='ocrx_word' id='word_1_142' title='bbox 1365 3968 1467 4038; x_wconf 80' lang='lat' dir='ltr'>aqua</span> <span class='ocrx_word' id='word_1_143' title='bbox 1489 3945 1629 4038; x_wconf 82' lang='lat' dir='ltr'>hydro-</span> 
     </span>
     <span class='ocr_line' id='line_1_26' title="bbox 427 4073 1628 4166; baseline -0.006 -15"><span class='ocrx_word' id='word_1_144' title='bbox 427 4079 610 4151; x_wconf 84' lang='lat' dir='ltr'>sullurata</span> <span class='ocrx_word' id='word_1_145' title='bbox 648 4100 695 4150; x_wconf 86' lang='lat' dir='ltr'>ne</span> <span class='ocrx_word' id='word_1_146' title='bbox 734 4078 915 4166; x_wconf 87' lang='lat' dir='ltr'>turbetur,</span> <span class='ocrx_word' id='word_1_147' title='bbox 953 4098 1046 4150; x_wconf 86' lang='lat' dir='ltr'>neve</span> <span class='ocrx_word' id='word_1_148' title='bbox 1083 4076 1274 4149; x_wconf 83' lang='lat' dir='ltr'>ammonia</span> <span class='ocrx_word' id='word_1_149' title='bbox 1313 4073 1461 4166; x_wconf 80' lang='lat' dir='ltr'>adjecta</span> <span class='ocrx_word' id='word_1_150' title='bbox 1499 4073 1628 4146; x_wconf 84' lang='lat' dir='ltr'>addito</span> 
     </span>
     <span class='ocr_line' id='line_1_27' title="bbox 428 4202 1630 4298; baseline -0.004 -21"><span class='ocrx_word' id='word_1_151' title='bbox 428 4206 617 4278; x_wconf 78' lang='lat' dir='ltr'>ammonio</span> <span class='ocrx_word' id='word_1_152' title='bbox 665 4205 973 4298; x_wconf 83' lang='lat' dir='ltr'>hydrosulfurato</span> <span class='ocrx_word' id='word_1_153' title='bbox 1022 4202 1305 4296; x_wconf 83' lang='lat' dir='ltr'>praecipitatum</span> <span class='ocrx_word' id='word_1_154' title='bbox 1349 4202 1515 4294; x_wconf 83' lang='lat' dir='ltr'>deponat</span> <span class='ocrx_word' id='word_1_155' title='bbox 1561 4206 1630 4272; x_wconf 88' lang='lat' dir='ltr'>aut</span> 
     </span>
     <span class='ocr_line' id='line_1_28' title="bbox 428 4332 930 4406; baseline 0.002 -2"><span class='ocrx_word' id='word_1_156' title='bbox 428 4332 584 4405; x_wconf 89' lang='lat' dir='ltr'>viridem</span> <span class='ocrx_word' id='word_1_157' title='bbox 604 4332 767 4405; x_wconf 85' lang='lat' dir='ltr'>colorem</span> <span class='ocrx_word' id='word_1_158' title='bbox 787 4333 930 4406; x_wconf 85' lang='lat' dir='ltr'>induat.</span> 
     </span>
    </p>

    <p class='ocr_par' dir='ltr' id='par_1_11' title="bbox 427 4454 1632 4788">
     <span class='ocr_line' id='line_1_29' title="bbox 538 4454 1632 4552; baseline -0.004 -20"><span class='ocrx_word' id='word_1_159' title='bbox 538 4459 681 4532; x_wconf 81' lang='lat' dir='ltr'>Solutio</span> <span class='ocrx_word' id='word_1_160' title='bbox 697 4480 842 4552; x_wconf 82' lang='lat' dir='ltr'>aquosa</span> <span class='ocrx_word' id='word_1_161' title='bbox 858 4461 1001 4552; x_wconf 83' lang='lat'><strong>(1:50),</strong></span> <span class='ocrx_word' id='word_1_162' title='bbox 1019 4479 1090 4552; x_wconf 90' lang='lat' dir='ltr'>ope</span> <span class='ocrx_word' id='word_1_163' title='bbox 1106 4458 1201 4531; x_wconf 80' lang='lat' dir='ltr'>acidi</span> <span class='ocrx_word' id='word_1_164' title='bbox 1216 4455 1336 4530; x_wconf 81' lang='lat' dir='ltr'>uitrici</span> <span class='ocrx_word' id='word_1_165' title='bbox 1356 4454 1464 4528; x_wconf 87' lang='lat' dir='ltr'>diluti</span> <span class='ocrx_word' id='word_1_166' title='bbox 1483 4460 1632 4547; x_wconf 80' lang='lat' dir='ltr'>parata,</span> 
     </span>
     <span class='ocr_line' id='line_1_30' title="bbox 427 4584 1632 4681; baseline -0.005 -21"><span class='ocrx_word' id='word_1_167' title='bbox 427 4587 585 4681; x_wconf 83' lang='lat' dir='ltr'>limpida</span> <span class='ocrx_word' id='word_1_168' title='bbox 603 4593 755 4661; x_wconf 84' lang='lat' dir='ltr'>maneat</span> <span class='ocrx_word' id='word_1_169' title='bbox 784 4586 863 4659; x_wconf 84' lang='lat' dir='ltr'>sive</span> <span class='ocrx_word' id='word_1_170' title='bbox 884 4587 917 4658; x_wconf 86' lang='lat' dir='ltr'>ei</span> <span class='ocrx_word' id='word_1_171' title='bbox 935 4587 1097 4679; x_wconf 84' lang='lat' dir='ltr'>baryum</span> <span class='ocrx_word' id='word_1_172' title='bbox 1115 4585 1297 4674; x_wconf 84' lang='lat' dir='ltr'>uitricum,</span> <span class='ocrx_word' id='word_1_173' title='bbox 1328 4584 1407 4657; x_wconf 86' lang='lat' dir='ltr'>sive</span> <span class='ocrx_word' id='word_1_174' title='bbox 1427 4586 1632 4674; x_wconf 80' lang='lat' dir='ltr'>argentum</span> 
     </span>
     <span class='ocr_line' id='line_1_31' title="bbox 427 4713 822 4788; baseline -0.008 0"><span class='ocrx_word' id='word_1_175' title='bbox 427 4715 601 4788; x_wconf 87' lang='lat' dir='ltr'>uitricum</span> <span class='ocrx_word' id='word_1_176' title='bbox 620 4713 822 4786; x_wconf 78' lang='lat' dir='ltr'>addideris,</span> 
     </span>
    </p>
   </div>
   <div class='ocr_carea' id='block_1_7' title="bbox 0 0 1760 5450">
    <p class='ocr_par' dir='ltr' id='par_1_12' title="bbox 0 0 1760 5450">
     <span class='ocr_line' id='line_1_32' title="bbox 0 0 1760 5450; baseline 0 0"><span class='ocrx_word' id='word_1_177' title='bbox 0 0 1760 5450; x_wconf 95' lang='lat' dir='ltr'> </span> 
     </span>
    </p>
   </div>
  </div>
 </body>
</html>
