3500 5450
666 548 910 620 —161-

543 758 758 869 llalium
776 759 1044 902 judaium.

302 1003 475 1095 Crystalli
508 1004 671 1094 cubicae,
707 1004 911 1094 decolores,
951 1004 990 1078 in
1022 1012 1107 1077 ae're
1126 1005 1390 1092 immutabileS,

192 1132 363 1205 facillime
382 1130 422 1204 in
441 1153 550 1224 aqua,
576 1131 683 1206 facile
701 1132 742 1206 in
771 1132 903 1225 spiritu
930 1132 1005 1205 vini
1029 1132 1219 1205 solubiles.
1246 1131 1389 1205 Solutio

191 1280 349 1351 aquosa,
369 1259 569 1332 reactionis
602 1259 679 1333 iere
712 1259 893 1348 neoniae,
923 1281 1008 1332 cum
1040 1281 1157 1353 parva
1185 1259 1391 1351 quantitate

191 1408 312 1480 aquae
333 1385 449 1459 chlori
474 1386 591 1459 mixta
618 1386 785 1460 flavescit
811 1391 848 1459 et
873 1386 1178 1460 chloroformium
1202 1386 1390 1478 adjectum

191 1514 409 1608 quassando
430 1513 553 1586 colore
582 1514 748 1587 violaceo
772 1513 895 1605 tingit;
925 1513 1055 1586 eadem
1081 1515 1188 1589 acido
1216 1515 1389 1588 tartarico

191 1643 340 1716 abunde
360 1640 486 1714 addito
505 1641 687 1733 paulatim
706 1641 960 1715 sedimentum
984 1641 1112 1713 album
1134 1642 1388 1734 crystallinum

191 1770 361 1844 demittit.

300 1897 473 1989 Crystalli
493 1897 720 1990 pulveratae,
743 1896 853 1998 acido
870 1897 1047 1970 sulfurico
1063 1898 1180 1971 diluto
1197 1898 1387 1971 humecta-

189 2031 260 2118 tae,
279 2047 349 2098 nec
369 2023 617 2097 effervescant
635 2044 705 2097 nec
726 2025 889 2097 colorem
908 2026 1047 2097 flavum
1065 2024 1233 2099 induant.

299 2151 442 2226 Solutio
463 2172 607 2243 aquosa
625 2172 695 2224 nec
715 2173 814 2244 aqua
832 2151 1145 2243 hydrosullurata‚
1161 2174 1232 2226 nec
1246 2175 1387 2225 ammo-

188 2282 251 2355 nio
272 2280 465 2368 sulfurato,
490 2300 560 2352 nec
588 2279 704 2371 baryo
732 2278 865 2352 uitrico
890 2279 1070 2353 turbetur.
1098 2279 1388 2374 Praecipitatum

188 2409 326 2503 pallide
358 2408 507 2496 flavum,
546 2407 648 2500 quod
686 2429 731 2480 ex
769 2408 958 2482 solutione
992 2430 1063 2501 ope
1094 2408 1237 2500 argenti
1269 2408 1390 2482 uitrici

189 2536 407 2624 obtinueris5
429 2556 514 2608 curn
534 2536 724 2609 ammonia
744 2540 966 2628 quassatum
990 2537 1174 2628 liquorem
1200 2535 1388 2629 praebeat,

189 2666 253 2759 qui
272 2665 431 2739 filtratus
452 2668 488 2737 et
508 2664 615 2738 acido
643 2664 774 2738 uitrico
805 2664 1014 2738 acidulatus
1043 2664 1213 2738 turbidus
1237 2664 1390 2739 nonnisi

189 2793 323 2881 evadit,
351 2812 429 2865 non
453 2813 542 2865 vero
566 2793 852 2887 praecipitatum
871 2794 1035 2886 deponit.
1070 2792 1213 2865 Solutio
1243 2815 1388 2885 aquosa

187 2920 351 3014 pauxillo
371 2919 458 2993 ferri
478 2920 644 2994 sullurici
664 2926 701 2993 et
726 2920 1015 3013 sesquicblorati
1041 2920 1186 3011 adjecto
1221 2926 1257 2994 et
1290 2922 1387 2994 kalio

188 3048 471 3140 hydrooxydato
488 3049 613 3121 soluto
629 3048 754 3135 mixta,
772 3048 857 3121 dein
871 3048 1003 3121 leniter
1018 3049 1209 3138 calefacta,
1227 3048 1387 3141 denique

189 3176 295 3249 acido
335 3176 621 3268 bydrocblorico
668 3180 846 3266 saturata,
887 3176 1050 3249 colorem
1090 3176 1303 3249 caeruleum
1340 3197 1387 3249 ne

189 3302 377 3376 exhibeat.

385 3736 599 3845 llulium
643 3736 1195 3845 Nubila-tartaricum.

393 3983 458 4062 Sal
482 3981 687 4087 Seignetti.
711 3984 904 4061 Tartarus
927 3987 1180 4062 patronatus

296 4196 468 4286 Crystalli
504 4194 752 4289 prismaticae‚
792 4194 996 4283 decolores,
1028 4196 1247 4288 pellucidae,
1287 4219 1386 4291 aqua

187 4322 319 4414 frigida
337 4321 443 4394 facile
469 4328 506 4395 et
529 4324 690 4414 perlecto
711 4321 901 4394 solubiles.
928 4320 1137 4396 Calefactae
1161 4323 1384 4415 liquescunt,

186 4472 325 4543 aquam
344 4450 600 4540 crystallinam
619 4450 799 4541 emittunt,
821 4450 944 4521 calore
972 4456 1082 4523 aucto
1112 4451 1267 4523 odorem
1302 4474 1383 4525 sac-

186 4577 289 4651 cbari
308 4578 396 4649 tosti
416 4582 597 4670 spargunt
623 4583 659 4651 ot
683 4579 722 4651 in
750 4598 920 4650 massam
954 4582 1074 4651 airam
1108 4585 1384 4667 convertuntur,

187 4726 281 4797 quoe
296 4705 511 4777 humectata
524 4705 751 4778 reactionem
762 4704 960 4778 alcalinam
974 4706 1129 4798 praebet
1144 4710 1180 4778 ol
1194 4707 1384 4779 flammam
