3500 5450
913 550 1099 624 ..0...

399 771 653 859 temperatura
665 768 849 841 37-400
864 768 1046 861 liquescit,
1057 791 1191 843 versus
1206 771 1442 844 rsa-184⁰
1463 771 1605 860 ebullit,

399 894 555 967 incensa
575 896 757 988 deflagrat
769 896 922 969 residuo
941 917 1019 968 non
1038 897 1177 970 relicto.

509 1022 672 1096 Solvitur
685 1024 724 1096 in
740 1023 952 1116 quindecim
963 1024 1038 1096 tere
1053 1024 1225 1117 partibus
1241 1046 1363 1119 aquae
1380 1026 1603 1115 destinatae,

398 1149 437 1222 in
458 1151 561 1223 omni
579 1152 818 1244 proportione
844 1150 1020 1239 aetheris
1042 1151 1198 1244 spiritus
1217 1152 1304 1242 vini,
1325 1153 1512 1245 glycerini,
1531 1175 1604 1226 nec

400 1277 536 1351 nonin
556 1277 807 1351 solutionibus
826 1277 938 1350 natrii
958 1279 1035 1351 sive
1056 1279 1142 1351 kalii
1160 1279 1446 1373 hydrooxydati.

509 1405 653 1479 Solutio
683 1427 840 1499 aquosa,
869 1406 968 1478 ferro
987 1406 1283 1500 sesquichlorato
1313 1407 1439 1481 soluto
1459 1410 1601 1498 addito,

400 1534 565 1607 colorem
589 1534 804 1607 caeruleum
830 1533 962 1607 induit.
992 1533 1172 1606 Bromum
1196 1534 1236 1606 in
1256 1555 1356 1628 aqua
1376 1537 1542 1611 solutum
1562 1536 1603 1607 in

399 1662 598 1752 solutione,
630 1685 675 1736 ex
694 1666 800 1755 parte
821 1684 900 1736 una
929 1662 1025 1735 acidi
1051 1662 1226 1735 carbolici
1256 1667 1292 1736 et
1325 1664 1603 1757 quinquaginta

399 1791 566 1864 millibus
581 1812 703 1885 aquae
719 1796 863 1882 parata,
880 1790 1058 1863 continuo
1075 1790 1187 1863 efficit
1201 1791 1454 1864 sedimentum
1470 1790 1602 1863 album

400 1918 657 1991 tlocculosum,

510 2064 658 2137 Acidum
680 2050 890 2136 cucholicum
910 2062 1144 2159 liquefactum.

552 2390 897 2503 ⁴lotatum
935 2388 1454 2502 corbolicum

715 2553 1291 2692 liquefactum.

399 2777 502 2870 Rpe:
537 2774 636 2852 lolli
656 2772 830 2852 catholici
905 2783 1104 2874 prommotu
1123 2784 1253 2849 centum
1523 2779 1600 2850 100

535 2903 656 3005 Aquae
675 2902 884 2981 destillatac
902 2911 1099 3000 qrurnmotu
1118 2904 1237 2977 decern.
1551 2907 1603 2977 10

509 3032 769 3107 Calefaciendo
790 3033 918 3105 misce.

507 3160 647 3254 Liquor
681 3161 730 3233 sit
762 3159 949 3251 limpidus,
985 3159 1151 3247 oleosuS,
1186 3159 1338 3232 acidum
1371 3159 1600 3232 carbolicum

400 3289 583 3378 redolens
601 3287 665 3382 qui
680 3287 728 3359 ad
744 3286 934 3377 coagentia
944 3303 985 3357 se
1001 3285 1139 3359 habeat
1155 3290 1196 3357 ut
1209 3286 1358 3359 acidum
1371 3286 1603 3359 corbolicum

400 3415 702 3508 crystallisatum.

509 3542 639 3617 Partes
654 3547 806 3616 centum
819 3541 936 3632 huJ'us
950 3541 1163 3634 praeparati
1178 3541 1374 3613 minimum
1385 3539 1605 3614 centimetra

401 3670 532 3745 cubica
561 3671 687 3763 viginti
721 3671 792 3743 tria
821 3689 944 3761 aquae
974 3668 1182 3742 destillatae
1211 3672 1448 3757 consumant,
1482 3668 1604 3740 donec

400 3799 618 3892 quassando
637 3799 759 3892 liquor
776 3797 950 3870 turbidus
970 3802 1177 3890 permanet.

509 3945 614 4041 Aqua
632 3943 854 4017 carbolisatu.

550 4269 892 4380 Avidum
931 4267 1469 4381 chrominnam.

511 4492 684 4584 Crystalli
708 4492 959 4585 prismaticae,
980 4490 1114 4563 coloris
1134 4488 1321 4581 purpurei,
1351 4488 1426 4561 abn'
1446 4487 1607 4560 humido

402 4621 595 4713 expositae
617 4618 801 4707 diffluunt,
822 4618 1023 4691 calefactae
1050 4616 1273 4710 liquescunt,
1295 4614 1447 4688 demum
1467 4636 1609 4707 oryge-

401 4748 506 4820 nium
532 4747 746 4819 emittentes
767 4746 806 4818 in
826 4746 990 4838 oxydum
1013 4743 1243 4817 chromicum
1263 4742 1379 4816 viride
1399 4748 1610 4816 mutantur.
