3500 5450
643 569 856 643 „39-

261 787 449 860 Humecta
467 788 662 881 pulverem
681 787 720 859 in
740 806 832 860 vasa
851 786 1091 879 porcellaneo
1113 805 1198 858 cum

289 908 446 1011 Spiritus
467 913 543 989 tint
562 911 671 992 utut!
701 938 732 1010 q.
751 937 778 986 c.

153 1039 245 1132 quin
264 1041 520 1134 conglobetur.
541 1042 689 1134 Sepone
708 1063 777 1134 per
795 1040 941 1115 horam.

262 1169 361 1244 Tum
379 1169 506 1262 ingere
526 1190 693 1243 massam
721 1168 761 1241 in
787 1174 1012 1262 apparatum
1039 1167 1294 1260 depulsoriuur
1315 1174 1354 1240 et

152 1297 419 1389 superaffunde

289 1418 445 1521 Spiritus
466 1420 541 1499 Vini
561 1421 670 1500 ditat!
696 1431 897 1521 φναηιηιαὶα
917 1422 1016 1494 mille.
1247 1403 1350 1496 1000

263 1550 410 1623 Macera
429 1573 496 1643 per
514 1550 643 1642 viginti
662 1557 747 1624 octo
766 1551 893 1625 horas.
921 1551 1003 1623 Hoc
1027 1554 1195 1640 ternpore
1221 1551 1352 1643 elapso

152 1675 215 1747 sac
234 1676 420 1768 liquorem
441 1678 604 1752 defluere
625 1684 662 1753 et
680 1700 748 1772 per
765 1679 867 1752 vices
888 1677 1039 1751 affunde

289 1798 446 1903 Spiritus
467 1803 543 1880 Vini
564 1803 672 1883 dilui!
700 1813 939 1902 prancmatum
959 1805 1031 1878 triu
1052 1804 1177 1876 miztia.
1245 1804 1350 1876 3000

260 1930 444 2023 Liquores
478 1933 654 2007 collectos
687 1934 726 2006 in
759 1933 894 2006 balneo
929 1955 1050 2027 aquae
1080 1931 1351 2007 destillandoa

151 2058 281 2151 spiritu
300 2058 376 2131 vini
394 2058 518 2148 libera,
538 2061 730 2134 residuum
749 2061 789 2134 in
808 2061 944 2136 balneo
965 2083 1086 2154 aquae
1108 2059 1349 2152 evaporando

152 2187 200 2258 ad
220 2186 504 2260 consistentiam
524 2189 677 2261 extracti
703 2188 814 2281 spissi
835 2189 971 2281 redige.

349 2586 848 2697 meracium
890 2583 1148 2698 Aloc‘a.

151 2843 252 2936 Rpe:
287 2841 393 2919 01008
411 2842 624 2945 pulverum
692 2851 895 2942 praeamata
915 2846 1103 2942 quirzpcnla
1269 2845 1350 2935 500

150 2971 254 3044 solve
274 2970 312 3044 in

296 3096 417 3196 Aquae
437 3094 645 3176 destinam
666 3095 856 3176 bultio-trs

692 3227 864 3323 qrammcs
887 3224 1020 3299 duobus
1038 3225 1191 3298 roillibus
1210 3233 1241 3297 et

752 3354 948 3451 pompantes
1240 3354 1346 3428 0500

150 3481 221 3554 sub
235 3485 418 3573 perpetua
433 3478 643 3572 agitatione.
660 3479 807 3572 Sepone
822 3500 891 3574 per
907 3480 1001 3555 duas
1016 3480 1096 3553 dies
1106 3480 1189 3553 ioco
1200 3480 1345 3574 frigido,

150 3610 230 3680 tum
266 3607 452 3700 liquorem
488 3606 683 3700 limpidum
722 3607 910 3681 decantha
948 3613 984 3680 et
1020 3607 1211 3682 residuum
1251 3609 1345 3681 cola.

148 3734 329 3826 Liquores
349 3734 572 3808 commixtos
591 3734 727 3808 balneo
749 3757 870 3828 aquae
890 3736 939 3808 ad
957 3735 1097 3808 siccum
1117 3735 1254 3828 redige.

176 4187 698 4298 Eoecracmm·
728 4190 1320 4300 Helladomme

532 4350 962 4489 mmmm

257 4609 412 4683 Paretur
427 4631 447 4681 e
462 4610 575 4683 Foliis
589 4610 844 4685 Belladonnaa
858 4611 1062 4704 pulveratis
1077 4615 1118 4683 ut
1131 4608 1345 4683 Extractum

150 4736 305 4809 Aconiti.
