3500 5450
657 559 872 631 41..

166 779 226 850 vel
244 779 506 866 iuscescentis,
537 778 676 869 opacis
698 782 763 849 aut
796 778 911 869 paulo
941 775 1126 867 pinguiter
1152 774 1366 861 nitentibus

166 906 383 979 infractura
404 905 590 979 conchata
610 905 739 977 lacteis
760 910 825 978 aut
849 902 1365 991 subviolace0·albicantibus

168 1035 307 1126 opalini
347 1036 564 1127 adspectuS,
608 1034 645 1105 in
678 1032 899 1125 fragmentis
938 1031 1114 1103 tenuibus
1158 1030 1366 1122 diaphanis,
1510 1098 1514 1103 .

167 1161 405 1249 duriusculis,
440 1160 506 1233 sed
541 1182 679 1232 manus
707 1161 829 1233 calore
864 1157 1181 1243 mollescentibus,
1221 1158 1367 1250 saporis

168 1290 297 1378 amari,
319 1289 415 1361 acris
432 1294 468 1361 et
483 1288 670 1376 nauseam,
692 1287 818 1361 odoris
840 1285 1037 1380 peculiaris
1057 1284 1160 1357 haud
1180 1285 1284 1375 grati.

275 1450 562 1523 Ammoniacum
578 1472 664 1522 cum
683 1471 784 1542 aqua
798 1448 1048 1522 emulsionem
1065 1449 1190 1520 albam
1203 1449 1366 1541 praebet,

38 1574 47 1585 ’
169 1599 265 1670 qrrae
291 1578 418 1650 addito
444 1577 587 1670 liquore
609 1578 716 1649 natrii
735 1576 900 1669 caustici,
921 1578 1085 1649 colorem
1107 1578 1263 1663 ssavum,
1288 1573 1367 1646 tum

168 1706 317 1778 fuscum
336 1705 460 1778 trahit.
482 1705 673 1777 Selutione
695 1704 800 1777 calcii
820 1703 1088 1797 hypocblorosi
1109 1704 1367 1776 humectatum

169 1832 332 1906 colerem
347 1833 606 1906 aurantiacum
622 1832 763 1924 accipit.
775 1830 1141 1924 AquaAmmoniacc
1157 1830 1367 1922 superfusa,

168 1961 294 2033 addita
313 1966 417 2053 gutta
437 1961 649 2033 ammoniae
669 1981 747 2033 non
767 1960 966 2032 fluorescit.

279 2124 338 2197 Ad
370 2147 483 2198 usum
516 2124 861 2217 pharmaceuticum
894 2125 965 2196 sub
999 2127 1222 2216 tempestate
1249 2122 1370 2213 gelida

169 2254 444 2347 pulverandum
470 2259 507 2325 et
527 2275 596 2346 ope
617 2254 725 2325 cribri
751 2275 773 2325 a
793 2251 1004 2346 quisquiliis
1025 2250 1279 2344 separandum
1302 2254 1368 2321 est.

279 2415 523 2511 Eruplastrum
543 2415 738 2511 Diucbplou
758 2415 994 2509 compositum.
1015 2412 1258 2507 Emplastrum
1273 2410 1370 2483 Meli-

170 2544 240 2615 toti.
261 2543 502 2640 Emplastrum
518 2562 747 2640 experrecturi.

323 2975 655 3084 immanium
681 2975 946 3082 arcticum
971 2970 1220 3080 solutum.

485 3203 637 3307 Liquor
659 3203 867 3282 Ammonii
891 3202 1048 3281 acetici.

170 3437 267 3529 Rpe:
297 3434 397 3512 beidi
418 3434 546 3510 arctici
568 3432 677 3511 diluti
817 3489 829 3506 .
872 3437 1069 3531 pruriuuutu
1089 3438 1230 3503 rentum.
1293 3431 1367 3502 100

168 3564 355 3636 Paulatim
375 3563 472 3636 adde

306 3688 477 3766 innubit
499 3687 682 3767 sarbonici
704 3685 846 3764 militer
864 3686 937 3763 tusi
1050 3712 1082 3782 q.
1106 3711 1134 3757 s.

170 3819 218 3890 ad
238 3819 443 3910 perfectam
462 3818 809 3891 neutralisationem

485 3947 578 4038 (circ.
599 3950 796 4042 paranate
815 3944 941 4038 vipint'
960 3949 989 4012 rt
1008 3941 1205 4012 diruidinm.
1261 3939 1365 4028 ⁶205)

169 4074 321 4166 Liquori
336 4074 473 4146 tiltrato
494 4073 659 4146 admisce
1308 4082 1310 4084 ’

304 4200 424 4301 Aquae
445 4186 654 4278 destinatio
1050 4221 1080 4290 p.
1097 4219 1124 4265 a.

169 4335 210 4403 ut
229 4330 366 4403 solutio
387 4329 436 4402 sit
454 4329 632 4422 penderis
653 4327 814 4420 specifici
838 4325 937 4398 1·03.

279 4476 334 4547 Sit
351 4474 555 4566 limpidum,
586 4472 721 4545 coleris
749 4492 895 4562 expers,
921 4490 966 4540 ex
986 4468 1129 4559 integro
1150 4467 1299 4539 volatile
1321 4478 1367 4553 et,

171 4609 354 4695 quantum
374 4601 531 4674 obtineri
549 4606 684 4694 potest,
700 4606 892 4703 neutrum.
931 4597 1041 4688 Aqua
1055 4595 1367 4686 hydrosuliurata

170 4735 354 4803 tentatum
372 4751 420 4801 ne
440 4730 620 4801 turbetur.
