3500 5450
846 482 1081 555 —134-

471 697 614 770 Salutio
652 698 786 771 iterum
834 700 957 772 colata
993 700 1069 773 leni
1112 701 1198 793 igne
1246 711 1469 797 evaporetur
1512 707 1559 778 ad

362 825 566 898 dimidium.
615 826 757 899 Deinde
805 849 942 920 spuma
990 834 1026 900 et
1071 829 1245 921 pellicula
1293 834 1559 923 supernatante

360 959 533 1026 accurate
554 955 728 1028 detractis
749 954 846 1028 adde

495 1094 617 1199 lgna
636 1098 799 1176 noranta
822 1098 951 1176 llam

901 1237 1103 1324 praetincta
1122 1230 1370 1327 quadruplata.
1505 1233 1556 1305 40

468 1375 634 1448 Massam
652 1374 804 1447 infunde
829 1374 867 1446 in
896 1376 1074 1467 capsulas
1101 1375 1335 1464 clrartaeeas3
1363 1377 1500 1449 siccam
1520 1377 1556 1449 in

359 1501 521 1574 frustula
539 1502 688 1575 minora
707 1502 847 1575 scinde.

468 1629 524 1702 Sit
543 1628 742 1722 diaphana,
763 1652 783 1702 e
803 1631 1040 1703 fusco-flava.

685 2057 988 2171 Glandnlae
1014 2063 1227 2207 lupuli.

833 2291 1084 2394 Lupulinurn.

468 2485 644 2557 llumulas
662 2484 828 2580 [stapulas
845 2486 981 2574 Linn„
1012 2488 1194 2559 suffrutex
1224 2487 1424 2575 scandens,
1454 2488 1554 2579 apud

355 2635 426 2685 nos
447 2618 679 2706 spontaneus
700 2618 738 2686 et
756 2613 890 2702 cultus
909 2614 1139 2686 notissimus,
1167 2611 1420 2685 Cannabineoe.

464 2741 591 2814 Pulvis
604 2742 896 2833 grossiuseulns,
911 2741 1205 2834 inaequabilisa
1222 2742 1387 2814 strobilis
1402 2743 1552 2833 plantae

354 2875 522 2941 recenter
550 2868 698 2942 siccatis
729 2890 798 2961 ope
828 2869 936 2941 cribri
966 2870 1104 2942 setacei
1131 2876 1339 2961 separatus,
1368 2869 1503 2942 coloris
1532 2891 1551 2942 e

354 2995 462 3068 viridi
491 2996 588 3085 flavi,
624 2997 922 3088 subglutinosrrs‚
957 2997 1082 3069 odoris
1115 2998 1313 3089 peculiaris
1342 2997 1551 3089 fragrantis,

356 3124 505 3216 saporis
521 3125 874 3213 aromatico-amari,
896 3124 1127 3217 compositus
1147 3131 1296 3218 praeter
1314 3146 1437 3217 pauca
1456 3124 1550 3217 frag·

356 3255 484 3323 nrenta
522 3250 681 3325 aliarum
719 3254 869 3346 plantae
909 3251 1060 3325 Humuli
1097 3253 1260 3345 partium
1308 3274 1327 3326 e
1366 3252 1551 3344 glandulis

352 3378 571 3470 plerunrque
600 3380 807 3469 turbinatis
837 3379 1178 3470 cupulaelorrnibus
1208 3385 1273 3453 aut
1301 3378 1549 3470 subglobpsis‚

351 3509 437 3601 plus
472 3508 645 3580 minusve
673 3507 795 3597 vieta,
831 3506 1085 3597 magnitudine
1119 3507 1413 3581 0·140-0·l30
1446 3507 1550 3579 milli-

352 3636 467 3726 metri,
495 3657 654 3727 quarum
683 3635 852 3727 singulae
879 3639 1054 3708 constant
1078 3657 1097 3706 e
1122 3636 1271 3708 saeculo
1292 3633 1493 3723 cuticulan‘,
1513 3634 1549 3706 in

350 3769 456 3854 parte
481 3763 654 3836 inferiore
684 3762 980 3855 hemisphaerico
1011 3762 1152 3835 cellulis
1186 3763 1339 3835 minutis
1374 3762 1549 3836 tabulatis

350 3890 548 3982 polygonis
574 3889 736 3964 obducto
766 3897 802 3963 et
822 3890 906 3963 oleo
926 3890 1102 3963 aethereo
1128 3895 1193 3963 aut
1219 3890 1390 3962 balsamo
1421 3889 1549 3963 citrino

349 4019 503 4110 repleto.

458 4145 561 4217 Merx
582 4145 778 4218 conrbusta
804 4165 850 4216 ne
875 4146 962 4236 plus
984 4167 1098 4238 qnam
1117 4144 1247 4217 decern
1266 4150 1394 4236 partes
1415 4144 1548 4218 cineris

350 4293 369 4342 e
399 4271 567 4361 partibus
598 4278 748 4345 centurn
777 4272 972 4365 relinquat.
1003 4272 1056 4344 Ne
1085 4272 1182 4345 ultra
1211 4292 1354 4344 annum
1387 4271 1425 4342 in
1459 4293 1550 4343 vase

349 4398 444 4469 bene
464 4399 590 4471 clauso
609 4422 632 4471 a
651 4400 733 4473 luce
753 4405 897 4473 remoto
917 4405 1096 4472 servetur.
1114 4399 1216 4472 Marx
1232 4404 1391 4486 vetusta,
1412 4397 1548 4471 coloris

349 4526 554 4600 aurantiaci
576 4532 640 4599 aut
668 4528 900 4616 rufescenlis,
930 4526 1058 4600 odoris
1088 4525 1234 4616 ingrati,
1266 4547 1374 4598 caseo
1406 4526 1550 4614 similis,

348 4652 560 4745 rejicienda.
