3500 5450
919 556 1136 630 ..74-

534 771 637 843 Merx
672 778 818 846 constat
847 795 866 846 e
897 775 1138 866 stigmatibus
1169 776 1329 868 singulis
1359 777 1538 852 defractis
1571 784 1641 850 ant

425 898 549 971 adhuc
582 899 766 992 particula
800 902 887 995 styli
920 903 1008 975 flavi
1043 903 1261 997 conjunctis,
1296 927 1471 980 acervum
1510 906 1640 980 levem

424 1026 627 1118 laxumque
643 1029 970 1104 constituentibus,
986 1030 1041 1103 Ne
1057 1030 1107 1104 sit
1122 1032 1316 1124 inquinata
1329 1033 1485 1107 floribus
1508 1033 1636 1106 Calen-

426 1153 539 1243 duloc,
565 1153 751 1227 Cartbami
771 1162 838 1230 aut
858 1158 941 1231 aliis
961 1158 1132 1251 partibus
1152 1160 1433 1252 vegetabilibus.
1454 1161 1640 1235 Servetur

423 1284 564 1358 Crocus
585 1284 667 1358 luce
688 1293 868 1363 remotus

536 1411 726 1509 Collyrium
741 1413 961 1511 adstrinqcns
975 1415 1114 1488 luteum.
1137 1415 1380 1511 Emplastrum
1396 1440 1634 1514 oxycroceum.

423 1537 543 1612 Massa
555 1540 759 1635 pilularum
779 1540 893 1638 Buffi.
920 1541 953 1614 T
947 1542 1087 1615 iactura
1112 1541 1198 1639 opit
1217 1551 1364 1616 uocatu

556 1866 928 2003 varmum
964 1867 1495 2006 culpurtcum.

533 2067 705 2160 Crystalli
725 2069 933 2159 caeruleae,
951 2044 1172 2163 pellucidae,
1194 2078 1278 2143 atre
1297 2091 1431 2164 pamm
1449 2072 1633 2145 latiscen-

425 2199 494 2283 tes,
512 2195 553 2267 in
573 2217 672 2288 aqua
691 2196 799 2269 facile
820 2196 1014 2271 solubiles

533 2324 676 2397 Solutio
706 2346 852 2417 aquosa
881 2324 998 2417 baryo
1027 2324 1160 2398 nitrien
1193 2324 1340 2417 adjecto
1374 2324 1634 2397 sedimentum

423 2448 584 2524 demittit
599 2450 738 2540 album,
753 2452 792 2525 in
808 2453 924 2526 acidis
935 2452 1154 2540 insolubile;
1170 2453 1362 2525 ammonia
1377 2457 1484 2525 caute
1498 2451 1633 2525 addita

397 2606 401 2619 ⁴
422 2579 708 2671 praecipitatum
728 2580 864 2653 coloris
886 2580 1121 2653 subcaerulei
1141 2579 1342 2668 enascitur,
1372 2580 1473 2672 quod
1494 2600 1631 2672 super·

426 2705 643 2781 abundante
658 2708 849 2781 ammonia
864 2708 902 2781 in
917 2708 1102 2802 liquorem
1116 2707 1314 2801 limpidum
1325 2706 1459 2780 coloris
1475 2707 1630 2781 intense

415 2832 584 2908 'caerulei
602 2841 847 2929 permutatur.

532 2962 675 3036 Solutio
687 2985 843 3056 aquosa,
864 2964 972 3038 acido
988 2963 1272 3055 hydrochlorico
1283 2963 1632 3048 leviteracidulata‚

422 3111 523 3182 aqua
541 3089 848 3182 hydrosulfurata
867 3091 1073 3164 abundanti
1094 3090 1223 3163 addita
1235 3091 1485 3164 sedimentum
1503 3093 1633 3165 tusco·

420 3218 569 3310 nigrum
589 3218 711 3306 elficit,
730 3218 855 3311 liquor
874 3219 921 3291 ab
940 3219 1012 3292 hoc
1032 3219 1193 3293 filtratus
1223 3219 1272 3291 sit
1298 3219 1448 3292 decolor
1478 3225 1516 3293 et
1540 3241 1631 3292 eva-

420 3351 574 3440 poratus
593 3345 787 3418 residuum
807 3366 855 3418 ne
873 3346 1072 3437 relinquat.

905 3629 1153 3739 beoocta.

531 3837 677 3927 Quodsi
696 3838 736 3910 in
756 3837 935 3930 parandis
956 3837 1121 3911 decoctis
1147 3838 1338 3931 quantitas
1363 3836 1634 3910 medicaminis

424 3965 626 4039 adhibendi
652 3987 675 4037 a
693 3965 839 4038 medico
859 3965 1014 4038 definita
1034 3986 1111 4038 non
1132 3970 1199 4054 est,
1219 3966 1257 4037 in
1278 3986 1413 4058 genere
1431 3986 1500 4057 pro
1520 3969 1634 4056 parte

420 4115 499 4167 una
523 4092 757 4167 substantiae
777 4097 903 4186 partes
923 4093 1052 4165 decem
1072 4092 1261 4166 colaturae
1282 4093 1500 4166 efficiantur.

529 4221 633 4293 Haec
652 4241 787 4293 norma
804 4240 882 4292 non
902 4219 1002 4292 valet
1021 4240 1089 4311 pro
1108 4219 1420 4293 medicaminibus
1439 4218 1633 4292 efficacio-

420 4348 535 4437 ribus,
556 4347 739 4441 imprimis
758 4347 970 4434 narcoticiS,
992 4367 1153 4438 quorum
1167 4346 1273 4419 dosis
1289 4347 1455 4418 maxima
1472 4344 1637 4420 definita

420 4481 476 4551 est
505 4481 542 4550 et
582 4496 650 4568 pro
680 4474 899 4548 substantiis
925 4473 1220 4566 mucilaginosis.
1259 4472 1413 4545 Illorum
1434 4473 1638 4565 quantitas

421 4626 571 4697 semper
614 4624 637 4675 a
678 4602 823 4675 medico
866 4601 1159 4695 praescribenda
1202 4606 1268 4690 est,
1316 4601 1452 4673 horum
1482 4598 1637 4692 judicio

418 4730 738 4826 pharmacopolae
758 4730 1013 4803 committitur.
