<?xml version="1.0" encoding="UTF-8"?>
<!DOCTYPE html PUBLIC "-//W3C//DTD XHTML 1.0 Transitional//EN"
    "http://www.w3.org/TR/xhtml1/DTD/xhtml1-transitional.dtd">
<html xmlns="http://www.w3.org/1999/xhtml" xml:lang="en" lang="en">
 <head>
  <title>
</title>
<meta http-equiv="Content-Type" content="text/html;charset=utf-8" />
  <meta name='ocr-system' content='tesseract 3.04.00' />
  <meta name='ocr-capabilities' content='ocr_page ocr_carea ocr_par ocr_line ocrx_word'/>
</head>
<body>
  <div class='ocr_page' id='page_1' title='image "./pharmacopoeaaus02unkngoog_0233.png"; bbox 0 0 3500 5450; ppageno 0'>
   <div class='ocr_carea' id='block_1_1' title="bbox 666 573 901 644">
    <p class='ocr_par' dir='ltr' id='par_1_1' title="bbox 666 573 901 644">
     <span class='ocr_line' id='line_1_1' title="bbox 666 573 901 644; baseline 0 0"><span class='ocrx_word' id='word_1_1' title='bbox 666 573 901 644; x_wconf 74' lang='grc'>-003-</span> 
     </span>
    </p>
   </div>
   <div class='ocr_carea' id='block_1_2' title="bbox 536 784 1021 928">
    <p class='ocr_par' dir='ltr' id='par_1_2' title="bbox 536 784 1021 928">
     <span class='ocr_line' id='line_1_2' title="bbox 536 784 1021 928; baseline 0.002 -35"><span class='ocrx_word' id='word_1_2' title='bbox 536 784 751 926; x_wconf 82' lang='lat' dir='ltr'>llxymel</span> <span class='ocrx_word' id='word_1_3' title='bbox 777 784 1021 928; x_wconf 76' lang='lat' dir='ltr'><strong>simplex.</strong></span> 
     </span>
    </p>
   </div>
   <div class='ocr_carea' id='block_1_3' title="bbox 183 1007 1383 1464">
    <p class='ocr_par' dir='ltr' id='par_1_3' title="bbox 187 1007 1383 1107">
     <span class='ocr_line' id='line_1_3' title="bbox 187 1007 1383 1107; baseline 0.001 -25"><span class='ocrx_word' id='word_1_4' title='bbox 187 1008 283 1101; x_wconf 84' lang='lat' dir='ltr'>Rpe:</span> <span class='ocrx_word' id='word_1_5' title='bbox 324 1007 422 1084; x_wconf 78' lang='lat' dir='ltr'>loeti</span> <span class='ocrx_word' id='word_1_6' title='bbox 477 1015 679 1107; x_wconf 73' lang='lat' dir='ltr'>prarnmoto</span> <span class='ocrx_word' id='word_1_7' title='bbox 700 1016 834 1081; x_wconf 76' lang='lat' dir='ltr'>curtum</span> <span class='ocrx_word' id='word_1_8' title='bbox 1308 1013 1383 1083; x_wconf 88' lang='grc'>100</span> 
     </span>
    </p>

    <p class='ocr_par' dir='ltr' id='par_1_4' title="bbox 183 1133 1383 1464">
     <span class='ocr_line' id='line_1_4' title="bbox 321 1133 1383 1236; baseline -0.002 -25"><span class='ocrx_word' id='word_1_9' title='bbox 321 1134 437 1211; x_wconf 83' lang='lat' dir='ltr'>llellis</span> <span class='ocrx_word' id='word_1_10' title='bbox 457 1133 626 1236; x_wconf 75' lang='lat' dir='ltr'>deputati</span> <span class='ocrx_word' id='word_1_11' title='bbox 680 1137 1050 1233; x_wconf 78' lang='lat' dir='ltr'>prommoladuoento</span> <span class='ocrx_word' id='word_1_12' title='bbox 1305 1139 1383 1209; x_wconf 75' lang='grc'>000</span> 
     </span>
     <span class='ocr_line' id='line_1_5' title="bbox 184 1264 1382 1358; baseline -0.002 -23"><span class='ocrx_word' id='word_1_13' title='bbox 184 1264 258 1337; x_wconf 89' lang='lat' dir='ltr'>leni</span> <span class='ocrx_word' id='word_1_14' title='bbox 278 1264 400 1336; x_wconf 86' lang='lat' dir='ltr'>calore</span> <span class='ocrx_word' id='word_1_15' title='bbox 421 1285 582 1358; x_wconf 85' lang='lat' dir='ltr'>evapora</span> <span class='ocrx_word' id='word_1_16' title='bbox 601 1266 649 1336; x_wconf 89' lang='lat' dir='ltr'>ad</span> <span class='ocrx_word' id='word_1_17' title='bbox 677 1264 804 1355; x_wconf 86' lang='lat' dir='ltr'>syrupi</span> <span class='ocrx_word' id='word_1_18' title='bbox 824 1264 1114 1351; x_wconf 78' lang='lat' dir='ltr'>consistentiam,</span> <span class='ocrx_word' id='word_1_19' title='bbox 1127 1272 1204 1336; x_wconf 82' lang='lat' dir='ltr'>turn</span> <span class='ocrx_word' id='word_1_20' title='bbox 1216 1266 1297 1336; x_wconf 82' lang='lat' dir='ltr'>cola</span> <span class='ocrx_word' id='word_1_21' title='bbox 1316 1286 1382 1356; x_wconf 87' lang='lat' dir='ltr'>per</span> 
     </span>
     <span class='ocr_line' id='line_1_6' title="bbox 183 1392 551 1464; baseline 0.005 -2"><span class='ocrx_word' id='word_1_22' title='bbox 183 1392 370 1464; x_wconf 78' lang='lat' dir='ltr'>manicam</span> <span class='ocrx_word' id='word_1_23' title='bbox 391 1393 551 1464; x_wconf 89' lang='lat' dir='ltr'>laneam.</span> 
     </span>
    </p>
   </div>
   <div class='ocr_carea' id='block_1_4' title="bbox 448 1858 1121 1967">
    <p class='ocr_par' dir='ltr' id='par_1_5' title="bbox 448 1858 1121 1967">
     <span class='ocr_line' id='line_1_7' title="bbox 448 1858 1121 1967; baseline 0 -2"><span class='ocrx_word' id='word_1_24' title='bbox 448 1858 652 1966; x_wconf 88' lang='lat' dir='ltr'>Paleae</span> <span class='ocrx_word' id='word_1_25' title='bbox 678 1859 1121 1967; x_wconf 85' lang='lat' dir='ltr'>haemostatieue.</span> 
     </span>
    </p>
   </div>
   <div class='ocr_carea' id='block_1_5' title="bbox 522 2088 1048 2191">
    <p class='ocr_par' dir='ltr' id='par_1_6' title="bbox 522 2088 1048 2191">
     <span class='ocr_line' id='line_1_8' title="bbox 522 2088 1048 2191; baseline 0 -25"><span class='ocrx_word' id='word_1_26' title='bbox 522 2089 719 2166; x_wconf 85' lang='lat' dir='ltr'>Penawar</span> <span class='ocrx_word' id='word_1_27' title='bbox 740 2089 915 2191; x_wconf 88' lang='lat' dir='ltr'>Djambi.</span> <span class='ocrx_word' id='word_1_28' title='bbox 939 2088 1048 2166; x_wconf 86' lang='lat' dir='ltr'>Pulu.</span> 
     </span>
    </p>
   </div>
   <div class='ocr_carea' id='block_1_6' title="bbox 183 2280 1386 3523">
    <p class='ocr_par' dir='ltr' id='par_1_7' title="bbox 184 2280 1386 2763">
     <span class='ocr_line' id='line_1_9' title="bbox 299 2280 1386 2374; baseline -0.005 -21"><span class='ocrx_word' id='word_1_29' title='bbox 299 2281 476 2355; x_wconf 63' lang='lat' dir='ltr'>(filorum</span> <span class='ocrx_word' id='word_1_30' title='bbox 503 2283 676 2355; x_wconf 69' lang='lat' dir='ltr'>Boromez</span> <span class='ocrx_word' id='word_1_31' title='bbox 709 2284 738 2357; x_wconf 83' lang='lat' dir='ltr'>J.</span> <span class='ocrx_word' id='word_1_32' title='bbox 769 2284 849 2355; x_wconf 90' lang='lat' dir='ltr'>Sm.</span> <span class='ocrx_word' id='word_1_33' title='bbox 876 2288 913 2355; x_wconf 89' lang='lat' dir='ltr'>et</span> <span class='ocrx_word' id='word_1_34' title='bbox 943 2283 1035 2355; x_wconf 86' lang='lat' dir='ltr'>aliae</span> <span class='ocrx_word' id='word_1_35' title='bbox 1066 2281 1210 2374; x_wconf 81' lang='lat' dir='ltr'>speeies</span> <span class='ocrx_word' id='word_1_36' title='bbox 1255 2280 1386 2352; x_wconf 70' lang='lat' dir='ltr'>(Jtlottt</span> 
     </span>
     <span class='ocr_line' id='line_1_10' title="bbox 184 2411 1386 2503; baseline -0.002 -20"><span class='ocrx_word' id='word_1_37' title='bbox 184 2433 253 2483; x_wconf 84' lang='lat' dir='ltr'>nee</span> <span class='ocrx_word' id='word_1_38' title='bbox 273 2433 350 2483; x_wconf 90' lang='lat' dir='ltr'>non</span> <span class='ocrx_word' id='word_1_39' title='bbox 370 2411 525 2483; x_wconf 88' lang='lat' dir='ltr'>aliorum</span> <span class='ocrx_word' id='word_1_40' title='bbox 546 2431 723 2502; x_wconf 75' lang='lat' dir='ltr'>generum</span> <span class='ocrx_word' id='word_1_41' title='bbox 742 2411 891 2497; x_wconf 83' lang='lat' dir='ltr'>filicum,</span> <span class='ocrx_word' id='word_1_42' title='bbox 910 2412 1128 2503; x_wconf 80' lang='lat' dir='ltr'>plerumque</span> <span class='ocrx_word' id='word_1_43' title='bbox 1148 2411 1386 2481; x_wconf 83' lang='lat' dir='ltr'>arboresoen-</span> 
     </span>
     <span class='ocr_line' id='line_1_11' title="bbox 184 2537 1385 2630; baseline -0.001 -20"><span class='ocrx_word' id='word_1_44' title='bbox 184 2539 277 2611; x_wconf 89' lang='lat' dir='ltr'>tium</span> <span class='ocrx_word' id='word_1_45' title='bbox 323 2538 449 2611; x_wconf 80' lang='lat' dir='ltr'>Indiae</span> <span class='ocrx_word' id='word_1_46' title='bbox 494 2537 682 2610; x_wconf 88' lang='lat' dir='ltr'>orientalis</span> <span class='ocrx_word' id='word_1_47' title='bbox 726 2537 1007 2629; x_wconf 75' lang='lat' dir='ltr'>insularumque</span> <span class='ocrx_word' id='word_1_48' title='bbox 1055 2537 1193 2610; x_wconf 79' lang='lat' dir='ltr'>Oceani</span> <span class='ocrx_word' id='word_1_49' title='bbox 1231 2537 1385 2630; x_wconf 83' lang='lat' dir='ltr'>paeisrei.</span> 
     </span>
     <span class='ocr_line' id='line_1_12' title="bbox 184 2664 587 2763; baseline 0.005 -27"><span class='ocrx_word' id='word_1_50' title='bbox 184 2665 321 2738; x_wconf 76' lang='lat' dir='ltr'>l&#39;ilioes.</span> <span class='ocrx_word' id='word_1_51' title='bbox 349 2664 587 2763; x_wconf 77' lang='lat' dir='ltr'>Cyollreoceoe.</span> 
     </span>
    </p>

    <p class='ocr_par' dir='ltr' id='par_1_8' title="bbox 183 2785 1386 3523">
     <span class='ocr_line' id='line_1_13' title="bbox 294 2785 1386 2886; baseline -0.001 -21"><span class='ocrx_word' id='word_1_52' title='bbox 294 2793 430 2866; x_wconf 89' lang='lat' dir='ltr'>Paleae</span> <span class='ocrx_word' id='word_1_53' title='bbox 449 2794 653 2880; x_wconf 74' lang='lat' dir='ltr'>filiiormes</span> <span class='ocrx_word' id='word_1_54' title='bbox 686 2792 853 2864; x_wconf 82' lang='lat' dir='ltr'>rlrizoma</span> <span class='ocrx_word' id='word_1_55' title='bbox 885 2785 923 2864; x_wconf 53' lang='lat' dir='ltr'>&#39;et</span> <span class='ocrx_word' id='word_1_56' title='bbox 949 2793 1061 2865; x_wconf 88' lang='lat' dir='ltr'>bases</span> <span class='ocrx_word' id='word_1_57' title='bbox 1088 2794 1255 2886; x_wconf 88' lang='lat' dir='ltr'>stipitmn</span> <span class='ocrx_word' id='word_1_58' title='bbox 1281 2792 1386 2864; x_wconf 90' lang='lat' dir='ltr'>indu·</span> 
     </span>
     <span class='ocr_line' id='line_1_14' title="bbox 184 2920 1385 3013; baseline 0 -21"><span class='ocrx_word' id='word_1_59' title='bbox 184 2925 312 2992; x_wconf 92' lang='lat' dir='ltr'>mento</span> <span class='ocrx_word' id='word_1_60' title='bbox 337 2920 564 2994; x_wconf 87' lang='lat' dir='ltr'>densissimo</span> <span class='ocrx_word' id='word_1_61' title='bbox 602 2920 804 2994; x_wconf 80' lang='lat' dir='ltr'>vestientes</span> <span class='ocrx_word' id='word_1_62' title='bbox 844 2924 881 2992; x_wconf 93' lang='lat' dir='ltr'>et</span> <span class='ocrx_word' id='word_1_63' title='bbox 920 2921 967 2991; x_wconf 89' lang='lat' dir='ltr'>ab</span> <span class='ocrx_word' id='word_1_64' title='bbox 1004 2920 1049 2992; x_wconf 90' lang='lat' dir='ltr'>iis</span> <span class='ocrx_word' id='word_1_65' title='bbox 1088 2922 1310 3013; x_wconf 84' lang='lat' dir='ltr'>desumptae</span> <span class='ocrx_word' id='word_1_66' title='bbox 1347 2920 1385 2992; x_wconf 89' lang='lat' dir='ltr'>in</span> 
     </span>
     <span class='ocr_line' id='line_1_15' title="bbox 185 3047 1385 3137; baseline 0 -19"><span class='ocrx_word' id='word_1_67' title='bbox 185 3048 323 3120; x_wconf 89' lang='lat' dir='ltr'>massis</span> <span class='ocrx_word' id='word_1_68' title='bbox 340 3049 581 3137; x_wconf 73' lang='lat' dir='ltr'>mollissimis</span> <span class='ocrx_word' id='word_1_69' title='bbox 602 3047 919 3135; x_wconf 80' lang='lat' dir='ltr'>sericeo-lenosis,</span> <span class='ocrx_word' id='word_1_70' title='bbox 942 3048 1077 3120; x_wconf 86' lang='lat' dir='ltr'>coloris</span> <span class='ocrx_word' id='word_1_71' title='bbox 1093 3049 1306 3120; x_wconf 85' lang='lat' dir='ltr'>ssavo-fusci</span> <span class='ocrx_word' id='word_1_72' title='bbox 1322 3052 1385 3120; x_wconf 88' lang='lat' dir='ltr'>aut</span> 
     </span>
     <span class='ocr_line' id='line_1_16' title="bbox 185 3174 1384 3266; baseline 0 -20"><span class='ocrx_word' id='word_1_73' title='bbox 185 3176 297 3263; x_wconf 88' lang='lat' dir='ltr'>aurei,</span> <span class='ocrx_word' id='word_1_74' title='bbox 323 3176 452 3249; x_wconf 86' lang='lat' dir='ltr'>nitoris</span> <span class='ocrx_word' id='word_1_75' title='bbox 487 3176 616 3249; x_wconf 86' lang='lat' dir='ltr'>serieei</span> <span class='ocrx_word' id='word_1_76' title='bbox 652 3179 716 3247; x_wconf 88' lang='lat' dir='ltr'>aut</span> <span class='ocrx_word' id='word_1_77' title='bbox 745 3174 1002 3264; x_wconf 86' lang='lat' dir='ltr'>submetallici,</span> <span class='ocrx_word' id='word_1_78' title='bbox 1031 3176 1194 3262; x_wconf 82' lang='lat' dir='ltr'>bronoei,</span> <span class='ocrx_word' id='word_1_79' title='bbox 1216 3175 1384 3266; x_wconf 78' lang='lat' dir='ltr'>singulae</span> 
     </span>
     <span class='ocr_line' id='line_1_17' title="bbox 185 3302 1385 3396; baseline 0 -23"><span class='ocrx_word' id='word_1_80' title='bbox 185 3302 254 3374; x_wconf 87' lang='lat' dir='ltr'>tria</span> <span class='ocrx_word' id='word_1_81' title='bbox 274 3303 321 3375; x_wconf 88' lang='lat' dir='ltr'>ad</span> <span class='ocrx_word' id='word_1_82' title='bbox 352 3308 496 3396; x_wconf 90' lang='lat' dir='ltr'>septem</span> <span class='ocrx_word' id='word_1_83' title='bbox 526 3304 745 3374; x_wconf 85' lang='lat' dir='ltr'>eentirnetra</span> <span class='ocrx_word' id='word_1_84' title='bbox 773 3303 924 3392; x_wconf 76' lang='lat' dir='ltr'>longae,</span> <span class='ocrx_word' id='word_1_85' title='bbox 955 3303 1076 3374; x_wconf 83' lang='lat' dir='ltr'>forma</span> <span class='ocrx_word' id='word_1_86' title='bbox 1103 3303 1165 3394; x_wconf 88' lang='lat' dir='ltr'>pili</span> <span class='ocrx_word' id='word_1_87' title='bbox 1196 3303 1385 3395; x_wconf 86' lang='lat' dir='ltr'>simplicis,</span> 
     </span>
     <span class='ocr_line' id='line_1_18' title="bbox 183 3430 713 3523; baseline 0.004 -23"><span class='ocrx_word' id='word_1_88' title='bbox 183 3430 473 3522; x_wconf 84' lang='lat' dir='ltr'>plurioellularis‚</span> <span class='ocrx_word' id='word_1_89' title='bbox 495 3430 713 3523; x_wconf 82' lang='lat' dir='ltr'>compressi.</span> 
     </span>
    </p>
   </div>
   <div class='ocr_carea' id='block_1_7' title="bbox 539 3933 1031 4241">
    <p class='ocr_par' dir='ltr' id='par_1_9' title="bbox 539 3933 1031 4241">
     <span class='ocr_line' id='line_1_19' title="bbox 539 3933 1031 4076; baseline 0.004 -36"><span class='ocrx_word' id='word_1_90' title='bbox 539 3933 707 4041; x_wconf 81' lang='lat' dir='ltr'>Postu</span> <span class='ocrx_word' id='word_1_91' title='bbox 731 3966 1031 4076; x_wconf 81' lang='lat' dir='ltr'>gummosa.</span> 
     </span>
     <span class='ocr_line' id='line_1_20' title="bbox 597 4162 961 4241; baseline 0 -1"><span class='ocrx_word' id='word_1_92' title='bbox 597 4164 723 4241; x_wconf 87' lang='lat' dir='ltr'>Pasta</span> <span class='ocrx_word' id='word_1_93' title='bbox 745 4162 961 4241; x_wconf 84' lang='lat' dir='ltr'>Althaeae.</span> 
     </span>
    </p>
   </div>
   <div class='ocr_carea' id='block_1_8' title="bbox 187 4355 1382 4839">
    <p class='ocr_par' dir='ltr' id='par_1_10' title="bbox 187 4355 1382 4839">
     <span class='ocr_line' id='line_1_21' title="bbox 187 4355 1249 4460; baseline -0.003 -29"><span class='ocrx_word' id='word_1_94' title='bbox 187 4358 283 4451; x_wconf 87' lang='lat' dir='ltr'>Rpe:</span> <span class='ocrx_word' id='word_1_95' title='bbox 322 4357 457 4435; x_wconf 77' lang='lat' dir='ltr'>Gummi</span> <span class='ocrx_word' id='word_1_96' title='bbox 477 4356 624 4434; x_wconf 74' lang='lat' dir='ltr'>denelae</span> <span class='ocrx_word' id='word_1_97' title='bbox 644 4355 834 4457; x_wconf 71' lang='lat' dir='ltr'>pullenti</span> <span class='ocrx_word' id='word_1_98' title='bbox 1247 4457 1249 4460; x_wconf 16' lang='grc' dir='ltr'>Ι</span> 
     </span>
     <span class='ocr_line' id='line_1_22' title="bbox 323 4482 1382 4585; baseline -0.007 -22"><span class='ocrx_word' id='word_1_99' title='bbox 323 4482 490 4563; x_wconf 65' lang='lat' dir='ltr'>Suelteri</span> <span class='ocrx_word' id='word_1_100' title='bbox 511 4482 693 4585; x_wconf 73' lang='lat' dir='ltr'>pullenti</span> <span class='ocrx_word' id='word_1_101' title='bbox 750 4484 797 4556; x_wconf 61' lang='lat' dir='ltr'>o“o</span> <span class='ocrx_word' id='word_1_102' title='bbox 814 4493 1018 4582; x_wconf 71' lang='lat' dir='ltr'>prommota</span> <span class='ocrx_word' id='word_1_103' title='bbox 1039 4486 1227 4582; x_wconf 76' lang='lat' dir='ltr'>qrdnpenln</span> <span class='ocrx_word' id='word_1_104' title='bbox 1304 4487 1382 4558; x_wconf 84' lang='grc'>500</span> 
     </span>
     <span class='ocr_line' id='line_1_23' title="bbox 187 4614 350 4686; baseline 0 -1"><span class='ocrx_word' id='word_1_105' title='bbox 187 4615 291 4686; x_wconf 90' lang='lat' dir='ltr'>solve</span> <span class='ocrx_word' id='word_1_106' title='bbox 311 4614 350 4685; x_wconf 90' lang='lat' dir='ltr'>in</span> 
     </span>
     <span class='ocr_line' id='line_1_24' title="bbox 322 4737 1382 4839; baseline -0.005 -24"><span class='ocrx_word' id='word_1_107' title='bbox 322 4738 444 4839; x_wconf 69' lang='lat' dir='ltr'>Aquae</span> <span class='ocrx_word' id='word_1_108' title='bbox 464 4737 627 4817; x_wconf 78' lang='lat' dir='ltr'>fervidae</span> <span class='ocrx_word' id='word_1_109' title='bbox 681 4741 854 4839; x_wconf 75' lang='lat' dir='ltr'>promotis</span> <span class='ocrx_word' id='word_1_110' title='bbox 874 4740 1082 4835; x_wconf 74' lang='lat' dir='ltr'>quinyentis.</span> <span class='ocrx_word' id='word_1_111' title='bbox 1305 4742 1382 4810; x_wconf 71' lang='grc'>500</span> 
     </span>
    </p>
   </div>
   <div class='ocr_carea' id='block_1_9' title="bbox 0 0 1761 5450">
    <p class='ocr_par' dir='ltr' id='par_1_11' title="bbox 0 0 1761 5450">
     <span class='ocr_line' id='line_1_25' title="bbox 0 0 1761 5450; baseline 0 0"><span class='ocrx_word' id='word_1_112' title='bbox 0 0 1761 5450; x_wconf 95' lang='lat' dir='ltr'> </span> 
     </span>
    </p>
   </div>
  </div>
 </body>
</html>
