3500 5450
884 576 926 584 -
964 535 1040 606 116
1077 577 1118 583 —-

398 751 621 824 distantibus
650 750 687 822 in
717 751 920 841 segmentis
948 751 1072 822 nervis
1093 750 1326 824 secundariis
1347 751 1507 826 arcuatis
1535 753 1597 823 de-

397 877 615 965 terminatis
635 899 797 971 superne
827 879 986 950 obscure
1016 877 1158 966 viridia,
1187 878 1440 970 pubescentia,
1464 880 1599 953 subtus

400 1010 569 1078 tomento
604 1006 828 1097 albo-griseo
862 1006 1029 1092 obtecta,
1064 1005 1191 1078 odoris
1224 1006 1422 1098 peculiaris
1456 1006 1599 1078 debilis,

398 1132 545 1225 saporis
566 1133 683 1206 amari
702 1133 893 1206 nauseosi.

507 1260 723 1352 Colligenda
743 1282 763 1332 e
783 1261 914 1352 planta
933 1259 1154 1348 florescenti,
1181 1261 1313 1333 sedulo
1333 1261 1508 1333 siccanda
1529 1282 1599 1333 nec

399 1388 498 1460 ultre
519 1408 660 1460 annum
680 1386 827 1459 invase
847 1388 942 1459 bene
962 1388 1091 1460 clauso
1112 1393 1219 1460 caute
1239 1390 1435 1462 servanda.

511 1513 688 1587 Tinctum.

594 1783 839 1897 Folia
877 1784 1417 1921 Hnoscnami.

509 1984 753 2082 Hyoscyomus
773 1986 873 2082 niger
891 1986 1030 2075 Lino,
1050 1987 1180 2079 planta
1200 2007 1329 2059 annue
1349 1993 1385 2060 et
1398 1987 1546 2061 biennis
1561 1989 1599 2059 in

397 2113 584 2186 ruderans
605 2113 726 2186 obvia.
747 2111 963 2186 Solonaceoe.

511 2240 615 2313 Folia
633 2241 819 2329 bestiario,
838 2241 878 2314 in
897 2241 1077 2333 petiolum
1098 2246 1300 2329 attenuata,
1321 2264 1442 2336 usque
1463 2242 1511 2315 ad
1530 2243 1602 2316 tria

403 2369 603 2442 decimetru
635 2368 759 2460 longe,
789 2368 1081 2460 oblongo-ovate
1110 2370 1167 2442 vel
1195 2369 1368 2460 oblonga,
1399 2376 1509 2443 acuta
1536 2376 1602 2443 out

398 2494 622 2586 acuminata,
656 2496 741 2587 plus
770 2495 942 2568 minusve
976 2495 1161 2587 profunde
1190 2496 1507 2570 sinuato-dentata
1536 2503 1602 2570 aut

398 2623 629 2715 pinnatiiida,
658 2621 806 2695 caulius
834 2622 1420 2715 serni-ernplexicaulisessilia,
1445 2625 1600 2712 minora,

401 2757 524 2836 ovata,
557 2772 687 2841 grosse
722 2752 781 2823 vel
813 2751 1145 2838 sinuato-dentata,
1180 2754 1306 2824 ornnia
1335 2758 1436 2824 tectu
1464 2753 1600 2841 mollia,

399 2878 701 2967 recido-villosa,
718 2879 878 2952 obscure
895 2879 1038 2968 viridia,
1055 2879 1181 2952 odoris
1195 2878 1394 2971 peculiaris
1409 2881 1599 2967 muscosi,

400 3005 591 3094 narcotici,
613 3006 760 3098 saporis
780 3006 882 3093 intui,
903 3006 1352 3079 amariusculo-subacris.

512 3132 771 3204 Exsiccatione
795 3132 905 3205 valde
931 3133 1135 3220 tabcscunt,
1161 3135 1321 3225 perfecte
1344 3133 1483 3207 siccata
1511 3140 1600 3207 sunt

400 3259 716 3350 corrugatissima,
756 3259 1042 3352 glaucescentia,
1076 3262 1198 3334 nervis
1233 3261 1377 3351 albidis,
1408 3267 1446 3335 ct
1473 3260 1598 3334 odoris

399 3393 435 3459 et
454 3388 600 3479 saporis
620 3387 751 3479 exigui.

508 3512 726 3605 Colligendn
746 3537 765 3587 e
785 3514 917 3606 planta
936 3521 1147 3607 spontanea
1161 3518 1381 3590 florescente
1402 3521 1439 3590 et
1457 3517 1597 3590 siccata

400 3645 438 3716 in
458 3665 547 3716 vase
566 3645 661 3716 bene
682 3646 810 3716 clauso
832 3650 940 3717 cnuto
960 3665 1030 3716 ncc
1049 3645 1146 3716 ultre
1166 3665 1308 3731 annum
1329 3645 1524 3716 servanda.

508 3769 722 3843 Entructnm.
751 3771 881 3843 Olorem.

785 4092 938 4200 notra
962 4091 1193 4246 Muivne.

506 4314 625 4388 Miluo
660 4316 816 4412 culperis
851 4317 993 4388 Fries
1029 4322 1064 4389 ei
1094 4315 1216 4388 Mulon
1250 4315 1418 4389 silucris
1449 4317 1594 4405 Lirin„

397 4444 549 4535 plantae
569 4443 765 4534 indigenae
795 4445 978 4536 vulgares.
999 4442 1200 4515 Molvoceoe.

506 4573 611 4646 Folia
638 4574 857 4666 longissime
885 4575 1075 4667 petiolata,
1106 4574 1502 4648 cordato-orbicularis
1531 4579 1596 4647 aut

398 4702 624 4792 reniformia,
645 4709 805 4795 quatuor
825 4705 872 4775 ad
893 4704 1022 4776 decern
1042 4702 1262 4776 centimetro
1280 4703 1367 4791 leta,
1397 4704 1593 4776 sublobata
