3500 5450
890 492 1127 567 -mc-

404 732 489 784 cum

539 835 658 938 ,ique
743 839 852 933 tripla
871 839 1068 935 quantitate

401 973 582 1059 paratam,
601 967 729 1040 habita
743 989 842 1055 cura,
861 972 904 1041 ut
918 967 1040 1059 liquor
1060 968 1221 1040 debilem
1236 968 1359 1041 adhuc
1374 968 1600 1041 reactionem

403 1094 601 1168 alcafinam
620 1098 826 1168 conservet.

510 1222 798 1314 Praecipitatum
811 1222 898 1294 inde
913 1227 1044 1295 natum
1059 1222 1140 1295 siue
1155 1245 1261 1296 mora
1280 1223 1462 1316 aliquare
1478 1245 1602 1315 super·

404 1354 554 1423 natante
570 1372 714 1442 separa,
734 1372 833 1443 aqua
848 1349 1036 1422 destillata
1052 1350 1144 1436 elue,
1166 1351 1285 1424 donec
1301 1352 1422 1445 liquor
1437 1352 1601 1424 defluens

402 1499 472 1551 nec
483 1477 671 1550 ammonio
687 1479 841 1562 oxalieo,
857 1498 927 1548 uec
944 1483 1098 1569 argento
1109 1479 1241 1552 uitrico
1252 1479 1436 1566 turbetur;
1454 1480 1600 1552 demum

402 1606 441 1677 in
459 1604 543 1678 loco
560 1596 683 1698 tepido
695 1606 793 1679 sicca
804 1604 1089 1697 etinpulverem
1108 1607 1392 1681 subtilissimum
1411 1608 1600 1681 redactum

404 1753 524 1806 serva.

512 1861 566 1934 Sit
578 1862 701 1953 pulvis
712 1862 990 1951 submissurus,
1006 1864 1223 1955 amorphus,
1235 1862 1395 1951 albiduS,
1406 1863 1599 1936 reactionis

406 1988 585 2076 neutum,
605 1989 742 2080 ignitus
761 1990 910 2081 penitus
931 1991 1122 2083 deflagret.

515 2116 640 2189 Suffur
652 2116 935 2209 praecipitatum
956 2140 1042 2191 cum
1062 2117 1272 2190 ammoniae
1287 2116 1457 2209 partibus
1477 2115 1600 2206 viginti

405 2247 701 2335 conquassatum
713 2242 893 2316 filtratum
901 2268 939 2338 pr
947 2246 1088 2333 aebeat,
1096 2245 1195 2338 quod
1207 2243 1312 2315 acido
1322 2241 1601 2335 hydrochlorico

405 2369 642 2458 acidufatum,
653 2370 712 2443 vel
723 2391 822 2462 aqua
832 2371 1284 2462 hydrosulfurataaddita,
1295 2371 1459 2443 colorem
1469 2370 1600 2441 ssavum

339 2550 342 2555 «
404 2518 451 2569 ne
470 2497 612 2570 induat.
1323 2512 1325 2522 '

717 2821 903 2931 Suiitrr
932 2821 1293 2931 sublimatum.

839 3052 980 3131 Flores
1004 3054 1178 3132 sulfuris,

512 3245 639 3319 Pulvis
661 3247 824 3335 citrinuS,
854 3248 892 3321 in
912 3271 1011 3341 aqua
1036 3248 1258 3340 insolubilia
1285 3269 1419 3340 parum
1447 3247 1593 3320 solvitur

403 3373 440 3444 iu
461 3374 592 3467 spiritu
611 3375 687 3448 vini
708 3381 962 3465 concentram,
983 3377 1145 3468 aethere,
1167 3375 1432 3448 chloroformio
1453 3380 1491 3448 et
1508 3376 1591 3447 oleis

402 3500 614 3592 pinguiam,
634 3501 786 3574 facilem
803 3504 989 3576 carboneo
1006 3505 1200 3576 sulfurato,
1217 3503 1312 3576 Cum
1326 3524 1426 3595 aqua
1441 3524 1590 3595 quassa·

402 3631 463 3701 tus
483 3628 568 3702 huic
587 3631 808 3723 plerumque
827 3631 1053 3705 reactionem
1074 3631 1219 3704 acidam
1237 3631 1375 3704 tribuit.

510 3757 607 3830 Aere
633 3758 856 3832 fervefactus
882 3759 1099 3851 inflammat,
1129 3759 1285 3831 odorem
1305 3757 1400 3830 acidi
1426 3755 1591 3829 srdituosi

402 3903 602 3975 spargeus;
619 3887 840 3959 combustus
851 3886 1045 3958 residuum
1054 3885 1205 3959 nonnisi
1217 3885 1392 3978 exiguum
1403 3885 1587 3977 relinquat.

511 4011 638 4106 Suffur
655 4012 875 4109 depuratum.
903 4012 1123 4111 linquendum
1142 4014 1371 4108 suffuratum.

893 4335 1108 4480 Syrupi.

511 4559 645 4653 Syrupi
664 4560 703 4633 iu
722 4582 858 4653 genere
876 4562 930 4634 ita
949 4569 1139 4666 parentur,
1160 4566 1202 4635 ut
1225 4561 1450 4634 saccharum
1470 4567 1588 4633 contu·

401 4709 498 4774 sum,
528 4687 566 4759 in
593 4688 745 4780 liquido,
772 4710 839 4780 pro
866 4711 1008 4781 syrupc
1028 4689 1223 4762 efficiendo
1249 4689 1494 4781 praescripta,
1514 4711 1587 4780 pm·
