<?xml version="1.0" encoding="UTF-8"?>
<!DOCTYPE html PUBLIC "-//W3C//DTD XHTML 1.0 Transitional//EN"
    "http://www.w3.org/TR/xhtml1/DTD/xhtml1-transitional.dtd">
<html xmlns="http://www.w3.org/1999/xhtml" xml:lang="en" lang="en">
 <head>
  <title>
</title>
<meta http-equiv="Content-Type" content="text/html;charset=utf-8" />
  <meta name='ocr-system' content='tesseract 3.04.00' />
  <meta name='ocr-capabilities' content='ocr_page ocr_carea ocr_par ocr_line ocrx_word'/>
</head>
<body>
  <div class='ocr_page' id='page_1' title='image "./pharmacopoeaaus02unkngoog_0248.png"; bbox 0 0 3500 5450; ppageno 0'>
   <div class='ocr_carea' id='block_1_1' title="bbox 856 523 1099 600">
    <p class='ocr_par' dir='ltr' id='par_1_1' title="bbox 856 523 1099 600">
     <span class='ocr_line' id='line_1_1' title="bbox 856 523 1099 600; baseline 0.004 -1"><span class='ocrx_word' id='word_1_1' title='bbox 856 523 1099 600; x_wconf 47' lang='grc' dir='ltr'>ΜΝΞ·-ἡ</span> 
     </span>
    </p>
   </div>
   <div class='ocr_carea' id='block_1_2' title="bbox 506 889 1456 1002">
    <p class='ocr_par' dir='ltr' id='par_1_2' title="bbox 506 889 1456 1002">
     <span class='ocr_line' id='line_1_2' title="bbox 506 889 1456 1002; baseline -0.004 -1"><span class='ocrx_word' id='word_1_2' title='bbox 506 889 804 1002; x_wconf 73' lang='lat' dir='ltr'>Radia)</span> <span class='ocrx_word' id='word_1_3' title='bbox 845 893 1456 1001; x_wconf 75' lang='lat' dir='ltr'>Belladnnmw.</span> 
     </span>
    </p>
   </div>
   <div class='ocr_carea' id='block_1_3' title="bbox 490 1146 1372 1242">
    <p class='ocr_par' dir='ltr' id='par_1_3' title="bbox 490 1146 1372 1242">
     <span class='ocr_line' id='line_1_3' title="bbox 490 1146 1372 1242; baseline 0 -25"><span class='ocrx_word' id='word_1_4' title='bbox 490 1146 627 1242; x_wconf 82' lang='lat' dir='ltr'>Atropa</span> <span class='ocrx_word' id='word_1_5' title='bbox 646 1146 864 1219; x_wconf 80' lang='lat' dir='ltr'>Belladouua</span> <span class='ocrx_word' id='word_1_6' title='bbox 883 1146 982 1219; x_wconf 91' lang='lat' dir='ltr'>vide:</span> <span class='ocrx_word' id='word_1_7' title='bbox 1004 1146 1109 1218; x_wconf 81' lang='lat' dir='ltr'>Folia</span> <span class='ocrx_word' id='word_1_8' title='bbox 1127 1146 1372 1219; x_wconf 81' lang='lat' dir='ltr'>Belludouuae.</span> 
     </span>
    </p>
   </div>
   <div class='ocr_carea' id='block_1_4' title="bbox 379 1310 1578 2290">
    <p class='ocr_par' dir='ltr' id='par_1_4' title="bbox 379 1310 1578 2290">
     <span class='ocr_line' id='line_1_4' title="bbox 489 1310 1576 1402; baseline -0.002 -19"><span class='ocrx_word' id='word_1_9' title='bbox 489 1311 613 1383; x_wconf 83' lang='lat' dir='ltr'>Radix</span> <span class='ocrx_word' id='word_1_10' title='bbox 631 1311 1043 1402; x_wconf 79' lang='lat' dir='ltr'>iusisormicylindrica,</span> <span class='ocrx_word' id='word_1_11' title='bbox 1063 1333 1224 1400; x_wconf 87' lang='lat' dir='ltr'>ramosa,</span> <span class='ocrx_word' id='word_1_12' title='bbox 1245 1311 1394 1384; x_wconf 86' lang='lat' dir='ltr'>sordide</span> <span class='ocrx_word' id='word_1_13' title='bbox 1414 1310 1501 1383; x_wconf 86' lang='lat' dir='ltr'>alba</span> <span class='ocrx_word' id='word_1_14' title='bbox 1519 1311 1576 1383; x_wconf 82' lang='lat' dir='ltr'>vel</span> 
     </span>
     <span class='ocr_line' id='line_1_5' title="bbox 380 1437 1577 1529; baseline 0 -20"><span class='ocrx_word' id='word_1_15' title='bbox 380 1437 614 1529; x_wconf 85' lang='lat' dir='ltr'>ochroleuca,</span> <span class='ocrx_word' id='word_1_16' title='bbox 630 1460 799 1529; x_wconf 84' lang='lat' dir='ltr'>carnosa,</span> <span class='ocrx_word' id='word_1_17' title='bbox 816 1438 954 1510; x_wconf 87' lang='lat' dir='ltr'>siccata</span> <span class='ocrx_word' id='word_1_18' title='bbox 963 1438 1001 1509; x_wconf 93' lang='lat' dir='ltr'>in</span> <span class='ocrx_word' id='word_1_19' title='bbox 1013 1439 1215 1529; x_wconf 82' lang='lat' dir='ltr'>segmentis</span> <span class='ocrx_word' id='word_1_20' title='bbox 1227 1438 1447 1529; x_wconf 74' lang='lat' dir='ltr'>cylindricis</span> <span class='ocrx_word' id='word_1_21' title='bbox 1464 1459 1577 1529; x_wconf 87' lang='lat' dir='ltr'>saepe</span> 
     </span>
     <span class='ocr_line' id='line_1_6' title="bbox 379 1564 1577 1657; baseline 0 -21"><span class='ocrx_word' id='word_1_22' title='bbox 379 1586 446 1657; x_wconf 84' lang='lat' dir='ltr'>per</span> <span class='ocrx_word' id='word_1_23' title='bbox 464 1564 738 1656; x_wconf 79' lang='lat' dir='ltr'>longitudinem</span> <span class='ocrx_word' id='word_1_24' title='bbox 757 1565 870 1653; x_wconf 89' lang='lat' dir='ltr'>fissis,</span> <span class='ocrx_word' id='word_1_25' title='bbox 910 1565 956 1637; x_wconf 93' lang='lat' dir='ltr'>ad</span> <span class='ocrx_word' id='word_1_26' title='bbox 987 1566 1227 1639; x_wconf 82' lang='lat' dir='ltr'>decimetmm</span> <span class='ocrx_word' id='word_1_27' title='bbox 1257 1571 1294 1638; x_wconf 85' lang='lat' dir='ltr'>et</span> <span class='ocrx_word' id='word_1_28' title='bbox 1319 1565 1418 1638; x_wconf 83' lang='lat' dir='ltr'>ultra</span> <span class='ocrx_word' id='word_1_29' title='bbox 1445 1565 1577 1656; x_wconf 83' lang='lat' dir='ltr'>longis.</span> 
     </span>
     <span class='ocr_line' id='line_1_7' title="bbox 379 1693 1574 1786; baseline -0.001 -22"><span class='ocrx_word' id='word_1_30' title='bbox 379 1713 496 1765; x_wconf 90' lang='lat' dir='ltr'>unum</span> <span class='ocrx_word' id='word_1_31' title='bbox 519 1693 566 1765; x_wconf 95' lang='lat' dir='ltr'>ad</span> <span class='ocrx_word' id='word_1_32' title='bbox 582 1693 656 1766; x_wconf 92' lang='lat' dir='ltr'>duo</span> <span class='ocrx_word' id='word_1_33' title='bbox 672 1693 890 1767; x_wconf 88' lang='lat' dir='ltr'>centimetra</span> <span class='ocrx_word' id='word_1_34' title='bbox 904 1694 1053 1782; x_wconf 81' lang='lat' dir='ltr'>crassiS,</span> <span class='ocrx_word' id='word_1_35' title='bbox 1070 1700 1177 1766; x_wconf 82' lang='lat' dir='ltr'>extus</span> <span class='ocrx_word' id='word_1_36' title='bbox 1194 1693 1358 1785; x_wconf 89' lang='lat' dir='ltr'>cinereis,</span> <span class='ocrx_word' id='word_1_37' title='bbox 1372 1715 1441 1786; x_wconf 83' lang='lat' dir='ltr'>per</span> <span class='ocrx_word' id='word_1_38' title='bbox 1458 1693 1574 1783; x_wconf 87' lang='lat' dir='ltr'>longi·</span> 
     </span>
     <span class='ocr_line' id='line_1_8' title="bbox 380 1819 1578 1913; baseline 0.002 -23"><span class='ocrx_word' id='word_1_39' title='bbox 380 1819 546 1891; x_wconf 90' lang='lat' dir='ltr'>tudinem</span> <span class='ocrx_word' id='word_1_40' title='bbox 565 1820 695 1894; x_wconf 85' lang='lat' dir='ltr'>leviter</span> <span class='ocrx_word' id='word_1_41' title='bbox 718 1822 878 1913; x_wconf 68' lang='lat' dir='ltr'>rugosis</span> <span class='ocrx_word' id='word_1_42' title='bbox 899 1826 963 1894; x_wconf 89' lang='lat' dir='ltr'>aut</span> <span class='ocrx_word' id='word_1_43' title='bbox 987 1821 1237 1909; x_wconf 88' lang='lat' dir='ltr'>laeviusculis,</span> <span class='ocrx_word' id='word_1_44' title='bbox 1268 1821 1368 1893; x_wconf 89' lang='lat' dir='ltr'>intus</span> <span class='ocrx_word' id='word_1_45' title='bbox 1398 1821 1493 1893; x_wconf 89' lang='lat' dir='ltr'>albis</span> <span class='ocrx_word' id='word_1_46' title='bbox 1513 1826 1578 1892; x_wconf 86' lang='lat' dir='ltr'>aut</span> 
     </span>
     <span class='ocr_line' id='line_1_9' title="bbox 381 1946 1577 2040; baseline 0.001 -21"><span class='ocrx_word' id='word_1_47' title='bbox 381 1946 526 2037; x_wconf 86' lang='lat' dir='ltr'>albidis,</span> <span class='ocrx_word' id='word_1_48' title='bbox 546 1946 731 2037; x_wconf 77' lang='lat' dir='ltr'>sarinosiS,</span> <span class='ocrx_word' id='word_1_49' title='bbox 762 1950 799 2020; x_wconf 91' lang='lat' dir='ltr'>in</span> <span class='ocrx_word' id='word_1_50' title='bbox 825 1949 988 2021; x_wconf 85' lang='lat' dir='ltr'>fractura</span> <span class='ocrx_word' id='word_1_51' title='bbox 1016 1947 1238 2040; x_wconf 84' lang='lat' dir='ltr'>subaequali</span> <span class='ocrx_word' id='word_1_52' title='bbox 1265 1948 1457 2040; x_wconf 88' lang='lat' dir='ltr'>pulverem</span> <span class='ocrx_word' id='word_1_53' title='bbox 1476 1949 1577 2020; x_wconf 90' lang='lat' dir='ltr'>emit-</span> 
     </span>
     <span class='ocr_line' id='line_1_10' title="bbox 382 2074 1577 2168; baseline 0.002 -23"><span class='ocrx_word' id='word_1_54' title='bbox 382 2074 556 2163; x_wconf 71' lang='lat' dir='ltr'>tentibus</span> <span class='ocrx_word' id='word_1_55' title='bbox 582 2075 708 2147; x_wconf 90' lang='lat' dir='ltr'>odoris</span> <span class='ocrx_word' id='word_1_56' title='bbox 735 2075 885 2164; x_wconf 75' lang='lat' dir='ltr'>nulliuS,</span> <span class='ocrx_word' id='word_1_57' title='bbox 915 2076 1060 2168; x_wconf 89' lang='lat' dir='ltr'>saporis</span> <span class='ocrx_word' id='word_1_58' title='bbox 1085 2075 1188 2148; x_wconf 91' lang='lat' dir='ltr'>initio</span> <span class='ocrx_word' id='word_1_59' title='bbox 1213 2075 1416 2164; x_wconf 90' lang='lat' dir='ltr'>subdulcis,</span> <span class='ocrx_word' id='word_1_60' title='bbox 1446 2075 1577 2147; x_wconf 88' lang='lat' dir='ltr'>deinde</span> 
     </span>
     <span class='ocr_line' id='line_1_11' title="bbox 381 2203 632 2290; baseline 0.004 -15"><span class='ocrx_word' id='word_1_61' title='bbox 381 2204 506 2290; x_wconf 80' lang='lat' dir='ltr'>amati,</span> <span class='ocrx_word' id='word_1_62' title='bbox 526 2203 632 2276; x_wconf 83' lang='lat' dir='ltr'>acris.</span> 
     </span>
    </p>
   </div>
   <div class='ocr_carea' id='block_1_5' title="bbox 380 2366 1577 3225">
    <p class='ocr_par' dir='ltr' id='par_1_5' title="bbox 380 2366 1577 3225">
     <span class='ocr_line' id='line_1_12' title="bbox 492 2366 1576 2461; baseline 0 -22"><span class='ocrx_word' id='word_1_63' title='bbox 492 2366 613 2439; x_wconf 91' lang='lat' dir='ltr'>Sectio</span> <span class='ocrx_word' id='word_1_64' title='bbox 633 2372 858 2456; x_wconf 87' lang='lat' dir='ltr'>transversa,</span> <span class='ocrx_word' id='word_1_65' title='bbox 880 2369 1064 2441; x_wconf 90' lang='lat' dir='ltr'>solutione</span> <span class='ocrx_word' id='word_1_66' title='bbox 1081 2368 1160 2461; x_wconf 91' lang='lat' dir='ltr'>jodi</span> <span class='ocrx_word' id='word_1_67' title='bbox 1180 2369 1395 2443; x_wconf 88' lang='lat' dir='ltr'>humectata</span> <span class='ocrx_word' id='word_1_68' title='bbox 1418 2368 1576 2441; x_wconf 86' lang='lat' dir='ltr'>indueus</span> 
     </span>
     <span class='ocr_line' id='line_1_13' title="bbox 385 2495 1577 2588; baseline 0 -21"><span class='ocrx_word' id='word_1_69' title='bbox 385 2495 548 2567; x_wconf 79' lang='lat' dir='ltr'>colorem</span> <span class='ocrx_word' id='word_1_70' title='bbox 564 2496 887 2583; x_wconf 83' lang='lat' dir='ltr'>atro-caeruleum,</span> <span class='ocrx_word' id='word_1_71' title='bbox 903 2517 972 2569; x_wconf 89' lang='lat' dir='ltr'>nec</span> <span class='ocrx_word' id='word_1_72' title='bbox 993 2496 1140 2585; x_wconf 89' lang='lat' dir='ltr'>cortice,</span> <span class='ocrx_word' id='word_1_73' title='bbox 1161 2519 1229 2569; x_wconf 89' lang='lat' dir='ltr'>nec</span> <span class='ocrx_word' id='word_1_74' title='bbox 1257 2498 1357 2588; x_wconf 88' lang='lat' dir='ltr'>ligno</span> <span class='ocrx_word' id='word_1_75' title='bbox 1383 2497 1577 2569; x_wconf 89' lang='lat' dir='ltr'>manifeste</span> 
     </span>
     <span class='ocr_line' id='line_1_14' title="bbox 384 2622 1577 2715; baseline -0.001 -21"><span class='ocrx_word' id='word_1_76' title='bbox 384 2622 556 2695; x_wconf 90' lang='lat' dir='ltr'>radiatim</span> <span class='ocrx_word' id='word_1_77' title='bbox 583 2622 722 2712; x_wconf 86' lang='lat' dir='ltr'>striata,</span> <span class='ocrx_word' id='word_1_78' title='bbox 742 2623 931 2696; x_wconf 81' lang='lat' dir='ltr'>fasciculis</span> <span class='ocrx_word' id='word_1_79' title='bbox 957 2623 1046 2715; x_wconf 89' lang='lat' dir='ltr'>ligni</span> <span class='ocrx_word' id='word_1_80' title='bbox 1073 2624 1215 2715; x_wconf 74' lang='lat' dir='ltr'>paucis</span> <span class='ocrx_word' id='word_1_81' title='bbox 1247 2624 1399 2715; x_wconf 81' lang='lat' dir='ltr'>exiguis,</span> <span class='ocrx_word' id='word_1_82' title='bbox 1429 2622 1577 2709; x_wconf 85' lang='lat' dir='ltr'>citriuis,</span> 
     </span>
     <span class='ocr_line' id='line_1_15' title="bbox 380 2751 1573 2843; baseline 0 -21"><span class='ocrx_word' id='word_1_83' title='bbox 380 2752 542 2843; x_wconf 75' lang='lat' dir='ltr'>perusie,</span> <span class='ocrx_word' id='word_1_84' title='bbox 588 2772 721 2824; x_wconf 87' lang='lat' dir='ltr'>versus</span> <span class='ocrx_word' id='word_1_85' title='bbox 759 2751 896 2825; x_wconf 90' lang='lat' dir='ltr'>lineam</span> <span class='ocrx_word' id='word_1_86' title='bbox 934 2752 1154 2825; x_wconf 87' lang='lat' dir='ltr'>cambialem</span> <span class='ocrx_word' id='word_1_87' title='bbox 1191 2752 1396 2826; x_wconf 89' lang='lat' dir='ltr'>annulatim</span> <span class='ocrx_word' id='word_1_88' title='bbox 1443 2773 1573 2843; x_wconf 90' lang='lat' dir='ltr'>appro-</span> 
     </span>
     <span class='ocr_line' id='line_1_16' title="bbox 383 2878 1577 2972; baseline -0.002 -21"><span class='ocrx_word' id='word_1_89' title='bbox 383 2879 542 2971; x_wconf 87' lang='lat' dir='ltr'>ximatis,</span> <span class='ocrx_word' id='word_1_90' title='bbox 590 2879 690 2951; x_wconf 89' lang='lat' dir='ltr'>intus</span> <span class='ocrx_word' id='word_1_91' title='bbox 738 2879 893 2972; x_wconf 89' lang='lat' dir='ltr'>sparsis.</span> <span class='ocrx_word' id='word_1_92' title='bbox 944 2878 1023 2972; x_wconf 87' lang='lat' dir='ltr'>Ope</span> <span class='ocrx_word' id='word_1_93' title='bbox 1061 2879 1294 2971; x_wconf 88' lang='lat' dir='ltr'>microscopii</span> <span class='ocrx_word' id='word_1_94' title='bbox 1332 2879 1577 2967; x_wconf 73' lang='lat' dir='ltr'>observantur</span> 
     </span>
     <span class='ocr_line' id='line_1_17' title="bbox 381 3005 1575 3100; baseline -0.003 -22"><span class='ocrx_word' id='word_1_95' title='bbox 381 3006 573 3079; x_wconf 86' lang='lat' dir='ltr'>numerosi</span> <span class='ocrx_word' id='word_1_96' title='bbox 588 3006 743 3094; x_wconf 86' lang='lat' dir='ltr'>utriculi,</span> <span class='ocrx_word' id='word_1_97' title='bbox 758 3006 890 3100; x_wconf 90' lang='lat' dir='ltr'>repleti</span> <span class='ocrx_word' id='word_1_98' title='bbox 904 3006 1055 3097; x_wconf 86' lang='lat' dir='ltr'>pulvere</span> <span class='ocrx_word' id='word_1_99' title='bbox 1076 3006 1292 3097; x_wconf 82' lang='lat' dir='ltr'>crystallino</span> <span class='ocrx_word' id='word_1_100' title='bbox 1314 3006 1418 3078; x_wconf 91' lang='lat' dir='ltr'>calcii</span> <span class='ocrx_word' id='word_1_101' title='bbox 1434 3005 1575 3094; x_wconf 89' lang='lat' dir='ltr'>oxalici,</span> 
     </span>
     <span class='ocr_line' id='line_1_18' title="bbox 381 3132 1215 3225; baseline 0 -20"><span class='ocrx_word' id='word_1_102' title='bbox 381 3134 419 3205; x_wconf 90' lang='lat' dir='ltr'>in</span> <span class='ocrx_word' id='word_1_103' title='bbox 439 3133 733 3225; x_wconf 86' lang='lat' dir='ltr'>parenchymate</span> <span class='ocrx_word' id='word_1_104' title='bbox 754 3134 879 3225; x_wconf 89' lang='lat' dir='ltr'>amylo</span> <span class='ocrx_word' id='word_1_105' title='bbox 900 3132 1108 3224; x_wconf 80' lang='lat' dir='ltr'>coniposito</span> <span class='ocrx_word' id='word_1_106' title='bbox 1129 3135 1215 3205; x_wconf 86' lang='lat' dir='ltr'>feto</span> 
     </span>
    </p>
   </div>
   <div class='ocr_carea' id='block_1_6' title="bbox 380 3296 1573 3752">
    <p class='ocr_par' dir='ltr' id='par_1_6' title="bbox 380 3296 1573 3752">
     <span class='ocr_line' id='line_1_19' title="bbox 490 3296 1573 3390; baseline -0.001 -22"><span class='ocrx_word' id='word_1_107' title='bbox 490 3296 667 3369; x_wconf 85' lang='lat' dir='ltr'>Fodiatur</span> <span class='ocrx_word' id='word_1_108' title='bbox 681 3297 786 3369; x_wconf 82' lang='lat' dir='ltr'>radix</span> <span class='ocrx_word' id='word_1_109' title='bbox 800 3298 953 3390; x_wconf 85' lang='lat' dir='ltr'>plantae</span> <span class='ocrx_word' id='word_1_110' title='bbox 963 3297 1129 3369; x_wconf 86' lang='lat' dir='ltr'>florentis</span> <span class='ocrx_word' id='word_1_111' title='bbox 1146 3301 1182 3370; x_wconf 87' lang='lat' dir='ltr'>et</span> <span class='ocrx_word' id='word_1_112' title='bbox 1196 3297 1339 3369; x_wconf 85' lang='lat' dir='ltr'>fructus</span> <span class='ocrx_word' id='word_1_113' title='bbox 1360 3296 1520 3389; x_wconf 85' lang='lat' dir='ltr'>gerentis</span> <span class='ocrx_word' id='word_1_114' title='bbox 1540 3301 1573 3367; x_wconf 88' lang='lat' dir='ltr'>et</span> 
     </span>
     <span class='ocr_line' id='line_1_20' title="bbox 380 3423 1573 3518; baseline -0.002 -21"><span class='ocrx_word' id='word_1_115' title='bbox 380 3423 526 3515; x_wconf 77' lang='lat' dir='ltr'>reJectis</span> <span class='ocrx_word' id='word_1_116' title='bbox 555 3424 724 3516; x_wconf 86' lang='lat' dir='ltr'>partibus</span> <span class='ocrx_word' id='word_1_117' title='bbox 753 3446 904 3518; x_wconf 85' lang='lat' dir='ltr'>quoquo</span> <span class='ocrx_word' id='word_1_118' title='bbox 934 3425 1047 3497; x_wconf 91' lang='lat' dir='ltr'>modo</span> <span class='ocrx_word' id='word_1_119' title='bbox 1077 3423 1223 3514; x_wconf 90' lang='lat' dir='ltr'>vitiatis,</span> <span class='ocrx_word' id='word_1_120' title='bbox 1253 3423 1422 3498; x_wconf 84' lang='lat' dir='ltr'>celeriter</span> <span class='ocrx_word' id='word_1_121' title='bbox 1441 3424 1573 3496; x_wconf 81' lang='lat' dir='ltr'>siccata</span> 
     </span>
     <span class='ocr_line' id='line_1_21' title="bbox 383 3551 1571 3644; baseline -0.002 -21"><span class='ocrx_word' id='word_1_122' title='bbox 383 3557 489 3624; x_wconf 89' lang='lat' dir='ltr'>caute</span> <span class='ocrx_word' id='word_1_123' title='bbox 508 3571 578 3623; x_wconf 86' lang='lat' dir='ltr'>nec</span> <span class='ocrx_word' id='word_1_124' title='bbox 603 3551 701 3623; x_wconf 88' lang='lat' dir='ltr'>ultra</span> <span class='ocrx_word' id='word_1_125' title='bbox 721 3573 861 3625; x_wconf 86' lang='lat' dir='ltr'>annum</span> <span class='ocrx_word' id='word_1_126' title='bbox 881 3552 1029 3624; x_wconf 85' lang='lat' dir='ltr'>invase</span> <span class='ocrx_word' id='word_1_127' title='bbox 1050 3551 1187 3644; x_wconf 88' lang='lat' dir='ltr'>optime</span> <span class='ocrx_word' id='word_1_128' title='bbox 1217 3551 1345 3624; x_wconf 85' lang='lat' dir='ltr'>clauso</span> <span class='ocrx_word' id='word_1_129' title='bbox 1375 3553 1458 3624; x_wconf 91' lang='lat' dir='ltr'>loco</span> <span class='ocrx_word' id='word_1_130' title='bbox 1479 3552 1571 3624; x_wconf 86' lang='lat' dir='ltr'>sicco</span> 
     </span>
     <span class='ocr_line' id='line_1_22' title="bbox 382 3683 562 3752; baseline 0.006 -1"><span class='ocrx_word' id='word_1_131' title='bbox 382 3683 562 3752; x_wconf 87' lang='lat' dir='ltr'>servetur.</span> 
     </span>
    </p>
   </div>
   <div class='ocr_carea' id='block_1_7' title="bbox 380 3843 1572 4448">
    <p class='ocr_par' dir='ltr' id='par_1_7' title="bbox 380 3843 1572 4448">
     <span class='ocr_line' id='line_1_23' title="bbox 491 3843 1572 3936; baseline -0.004 -19"><span class='ocrx_word' id='word_1_132' title='bbox 491 3844 612 3917; x_wconf 90' lang='lat' dir='ltr'>Radix</span> <span class='ocrx_word' id='word_1_133' title='bbox 637 3844 791 3936; x_wconf 87' lang='lat' dir='ltr'>lignosa,</span> <span class='ocrx_word' id='word_1_134' title='bbox 820 3849 943 3932; x_wconf 85' lang='lat' dir='ltr'>tenax,</span> <span class='ocrx_word' id='word_1_135' title='bbox 968 3845 1131 3917; x_wconf 87' lang='lat' dir='ltr'>fractura</span> <span class='ocrx_word' id='word_1_136' title='bbox 1158 3844 1309 3930; x_wconf 86' lang='lat' dir='ltr'>fibrosa,</span> <span class='ocrx_word' id='word_1_137' title='bbox 1343 3844 1381 3915; x_wconf 91' lang='lat' dir='ltr'>in</span> <span class='ocrx_word' id='word_1_138' title='bbox 1412 3843 1572 3915; x_wconf 88' lang='lat' dir='ltr'>sectione</span> 
     </span>
     <span class='ocr_line' id='line_1_24' title="bbox 381 3970 1572 4064; baseline -0.004 -19"><span class='ocrx_word' id='word_1_139' title='bbox 381 3978 599 4045; x_wconf 85' lang='lat' dir='ltr'>transversa</span> <span class='ocrx_word' id='word_1_140' title='bbox 624 3972 724 4064; x_wconf 91' lang='lat' dir='ltr'>ligno</span> <span class='ocrx_word' id='word_1_141' title='bbox 752 3970 894 4059; x_wconf 84' lang='lat' dir='ltr'>citrino,</span> <span class='ocrx_word' id='word_1_142' title='bbox 918 3971 1090 4044; x_wconf 85' lang='lat' dir='ltr'>radiatim</span> <span class='ocrx_word' id='word_1_143' title='bbox 1110 3972 1239 4044; x_wconf 88' lang='lat' dir='ltr'>striato</span> <span class='ocrx_word' id='word_1_144' title='bbox 1259 3971 1440 4043; x_wconf 86' lang='lat' dir='ltr'>instructa</span> <span class='ocrx_word' id='word_1_145' title='bbox 1460 3989 1572 4060; x_wconf 85' lang='lat' dir='ltr'>aequo</span> 
     </span>
     <span class='ocr_line' id='line_1_25' title="bbox 382 4098 1571 4190; baseline -0.004 -18"><span class='ocrx_word' id='word_1_146' title='bbox 382 4122 426 4172; x_wconf 89' lang='lat' dir='ltr'>ac</span> <span class='ocrx_word' id='word_1_147' title='bbox 445 4100 550 4172; x_wconf 87' lang='lat' dir='ltr'>radix</span> <span class='ocrx_word' id='word_1_148' title='bbox 565 4120 649 4172; x_wconf 88' lang='lat' dir='ltr'>vere</span> <span class='ocrx_word' id='word_1_149' title='bbox 671 4099 826 4172; x_wconf 87' lang='lat' dir='ltr'>collecta</span> <span class='ocrx_word' id='word_1_150' title='bbox 846 4104 884 4171; x_wconf 90' lang='lat' dir='ltr'>et</span> <span class='ocrx_word' id='word_1_151' title='bbox 904 4098 1052 4187; x_wconf 85' lang='lat' dir='ltr'>siccata,</span> <span class='ocrx_word' id='word_1_152' title='bbox 1074 4104 1182 4173; x_wconf 89' lang='lat' dir='ltr'>extus</span> <span class='ocrx_word' id='word_1_153' title='bbox 1203 4119 1334 4190; x_wconf 88' lang='lat' dir='ltr'>grosse</span> <span class='ocrx_word' id='word_1_154' title='bbox 1355 4118 1504 4188; x_wconf 80' lang='lat' dir='ltr'>rugosa,</span> <span class='ocrx_word' id='word_1_155' title='bbox 1524 4099 1571 4168; x_wconf 89' lang='lat' dir='ltr'>lu·</span> 
     </span>
     <span class='ocr_line' id='line_1_26' title="bbox 381 4225 1571 4318; baseline -0.006 -17"><span class='ocrx_word' id='word_1_156' title='bbox 381 4249 569 4315; x_wconf 84' lang='lat' dir='ltr'>scescens,</span> <span class='ocrx_word' id='word_1_157' title='bbox 588 4227 752 4298; x_wconf 83' lang='lat' dir='ltr'>tractura</span> <span class='ocrx_word' id='word_1_158' title='bbox 772 4226 993 4316; x_wconf 82' lang='lat' dir='ltr'>subcornea,</span> <span class='ocrx_word' id='word_1_159' title='bbox 1015 4226 1139 4318; x_wconf 80' lang='lat' dir='ltr'>amylo</span> <span class='ocrx_word' id='word_1_160' title='bbox 1161 4227 1235 4298; x_wconf 87' lang='lat' dir='ltr'>sere</span> <span class='ocrx_word' id='word_1_161' title='bbox 1256 4225 1408 4297; x_wconf 90' lang='lat' dir='ltr'>omnino</span> <span class='ocrx_word' id='word_1_162' title='bbox 1430 4245 1571 4310; x_wconf 87' lang='lat' dir='ltr'>careus,</span> 
     </span>
     <span class='ocr_line' id='line_1_27' title="bbox 380 4355 576 4448; baseline -0.015 -20"><span class='ocrx_word' id='word_1_163' title='bbox 380 4355 576 4448; x_wconf 82' lang='lat' dir='ltr'>rejiciatur.</span> 
     </span>
    </p>
   </div>
   <div class='ocr_carea' id='block_1_8' title="bbox 0 0 1754 5450">
    <p class='ocr_par' dir='ltr' id='par_1_8' title="bbox 0 0 1754 5450">
     <span class='ocr_line' id='line_1_28' title="bbox 0 0 1754 5450; baseline 0 1"><span class='ocrx_word' id='word_1_164' title='bbox 0 0 1754 5450; x_wconf 95' lang='lat' dir='ltr'> </span> 
     </span>
    </p>
   </div>
  </div>
 </body>
</html>
