3500 5450
661 563 900 637 -131-

286 781 473 873 Capsulae
497 780 749 855 uniloculares
776 782 996 855 immaturae
1022 782 1184 855 siccatae
1204 781 1375 872 lineares,

177 909 486 1001 siliquaelormeS,
507 931 757 1001 compressae,
778 909 953 983 inferiore
973 915 1078 1002 parte
1099 914 1313 983 attenuatae
1342 916 1378 983 et

177 1036 305 1110 leviter
317 1043 504 1127 curvatae,
521 1039 595 1111 duo
612 1037 660 1110 ad
672 1038 746 1110 duo
759 1043 795 1109 et
806 1037 1000 1111 dimidium
1016 1037 1218 1110 decimetra
1232 1037 1377 1128 longae,

177 1168 261 1237 octo
281 1164 328 1235 ad
349 1164 478 1236 decem
497 1163 707 1236 millimetra
720 1164 828 1253 latae,
847 1164 1057 1257 pericarpio
1075 1186 1246 1255 carnosa,
1261 1165 1377 1253 fusce,

178 1297 285 1363 extus
299 1291 618 1383 longitudineliter
630 1313 773 1383 rugoso
789 1297 824 1364 et
839 1292 995 1380 sulcato,
1010 1293 1218 1384 unguinose
1229 1295 1377 1381 nitente,

178 1419 313 1491 coloris
340 1418 547 1507 atro-susci,
577 1419 729 1511 saepius
756 1419 941 1511 crystallis
968 1420 1063 1491 albis
1093 1419 1378 1512 splendentibus

178 1548 334 1633 obtecto,
354 1545 506 1633 flexiles,
526 1550 687 1634 tenaces,
707 1567 799 1618 cavo
818 1547 983 1638 repletae
1004 1567 1136 1619 massa
1155 1548 1375 1638 granuloso·

177 1674 349 1768 pulposa,
365 1672 463 1761 atra,
486 1673 697 1766 subpingui,
731 1674 876 1746 semina
901 1675 1099 1746 innumera
1119 1675 1262 1766 exigua,
1288 1675 1375 1746 sub-

179 1804 346 1894 globosa,
362 1803 477 1895 nigra,
498 1802 656 1876 nitentia
674 1804 896 1891 includente,
925 1803 1052 1875 odoris
1079 1803 1278 1896 peculiaris
1302 1804 1374 1875 sra-

178 1929 417 2021 grautissimi,
437 1930 611 2022 pergrati.

288 2092 343 2164 Ne
372 2092 620 2165 adhibeantur
644 2093 787 2166 tructus
816 2093 942 2167 minus
969 2094 1161 2167 aromatici
1180 2095 1293 2167 nimio
1315 2117 1376 2167 ex-

179 2220 317 2308 siccati,
332 2218 452 2310 rigidi,
467 2219 625 2310 fragiles
642 2220 777 2292 coloris
794 2221 972 2308 clarioris
987 2241 1056 2292 nec
1072 2222 1214 2294 fructus
1230 2224 1377 2313 maturi,

180 2347 412 2421 dehiscentia
444 2349 572 2439 aperti,
604 2370 672 2421 nec
705 2350 846 2423 fructus
882 2349 1057 2441 majores
1078 2350 1196 2422 multo
1228 2350 1378 2423 latiores

180 2482 216 2548 et
238 2474 458 2567 plerumque
491 2475 683 2548 breviores
715 2476 873 2549 aliarum
908 2475 1068 2548 Vanilloe
1086 2478 1306 2569 specierum,
1335 2482 1377 2550 ut

179 2603 233 2675 sic
254 2602 352 2674 dicta
370 2601 518 2674 Vanilla
537 2603 582 2675 de
603 2603 657 2675 La
678 2603 828 2695 Guayra
848 2610 885 2677 et
903 2604 1048 2678 Vanilla
1067 2606 1283 2678 Brasiliana.

293 2766 469 2839 Tr'ncturu.
488 2765 598 2840 Postu
617 2767 833 2864 Liquiritioc
848 2770 957 2864 flavo.

517 3292 737 3436 longus
762 3294 1052 3436 igniarium

535 3539 567 3617 F
568 3564 699 3645 ungas
723 3539 1020 3646 Chirurgorum.

291 3769 742 3866 Polyporussomeniariua
756 3774 895 3865 FrieS,
916 3775 1054 3867 fungus
1065 3797 1132 3867 per
1143 3794 1294 3846 omnem
1304 3774 1380 3845 sere

182 3899 371 3991 Europam
395 3899 559 3972 mediam
584 3901 621 3972 in
646 3903 788 3974 truncis
816 3903 982 3989 annosis
1011 3903 1189 3995 imprimis
1209 3903 1380 3993 fagorum

183 4029 220 4097 et
239 4047 446 4117 quercuum
464 4046 639 4099 nascens.
659 4026 972 4125 Hpmmomycetcs.
994 4028 1189 4124 Polyporei.

292 4188 428 4262 Frusta
460 4191 674 4264 mercabilia
706 4192 830 4284 plana,
866 4198 967 4266 tactu
1001 4193 1208 4286 aequaliter
1245 4192 1380 4280 mollia,

183 4316 376 4404 flexibilia,
415 4318 549 4391 coloris
587 4320 851 4409 cinnamomei,
891 4342 910 4393 e
948 4320 1045 4412 pileo
1083 4321 1184 4411 fungi
1223 4320 1380 4408 excissa,

182 4444 434 4517 maceratione
454 4444 491 4516 in
512 4467 611 4538 aqua
631 4451 668 4519 et
685 4447 834 4519 tusione
855 4468 940 4519 cum
959 4447 1104 4519 malleis
1123 4446 1256 4536 ligneis
1275 4467 1381 4538 prae-

182 4576 324 4666 parata,
344 4571 381 4643 in
401 4574 536 4664 vulgus
555 4575 765 4648 notissima.

292 4742 325 4815 A
343 4760 464 4812 merce
484 4740 582 4813 kalio
601 4740 734 4813 nitrico
754 4739 1001 4832 inpraegnata
1020 4758 1121 4810 cave.

1127 4875 1160 4929 9*
