3500 5450
951 535 1164 609 ..66-

450 756 672 823 transversa
700 749 853 824 exhibet
880 758 1042 826 stratum
1069 752 1286 826 interiorem
1318 751 1572 826 subtilissime
1604 775 1650 826 ra·

452 877 584 951 diatim
606 877 788 967 striatam,
817 879 933 953 radiis
960 879 1000 953 in
1020 881 1220 954 fesciculos
1246 886 1427 953 cuneatos
1454 879 1650 970 congestis.

561 1006 671 1099 Ligni
699 1007 911 1099 fragmenta
937 1009 1052 1081 merci
1086 1008 1299 1081 intermixta
1337 1013 1423 1081 ante
1458 1026 1577 1079 usum
1607 1028 1651 1078 re·

452 1138 690 1208 moveantur.

564 1259 742 1332 (tinctura.

834 1544 1032 1655 Cortex
1058 1542 1281 1663 olinae.

570 1767 764 1842 Cincloncc
794 1769 939 1863 species
969 1772 1103 1860 cultae,
1136 1769 1307 1862 inprimis
1350 1767 1529 1841 diachono
1557 1772 1651 1841 ecci-

455 1896 567 1970 rubra
595 1896 760 1970 Pavon.
792 1897 996 1971 aalma.

562 2026 698 2097 Frusta
718 2026 928 2114 convoluta,
944 2026 1017 2099 tria
1035 2025 1085 2098 ad
1106 2031 1269 2119 quatuor
1289 2024 1491 2098 decimetra
1513 2029 1552 2097 et
1565 2025 1650 2098 ultra

453 2154 577 2245 longa,
604 2152 679 2225 duo
708 2151 756 2224 ad
782 2157 945 2245 quatuor
972 2153 1184 2227 millimetra
1203 2175 1342 2241 crassa,
1372 2152 1475 2241 dura,
1504 2152 1649 2243 fragilia

453 2279 619 2351 fractura
634 2278 783 2371 aequali
800 2284 865 2351 aut
878 2279 1040 2353 breviter
1054 2279 1278 2368 subfibrosa,
1292 2279 1332 2352 in
1347 2280 1461 2352 latere
1477 2277 1648 2352 exteriore

454 2406 704 2509 periderrnate
724 2405 826 2478 tenui
847 2406 1074 2499 albo-griseo
1094 2410 1161 2480 aut
1178 2405 1509 2498 griseo-subfusca,
1531 2427 1649 2498 grosse

454 2532 775 2626 longitudinaliter
793 2554 933 2625 rugoso
944 2539 1103 2626 etsaepe
1113 2538 1328 2606 transverse
1343 2533 1484 2606 rimoso
1502 2532 1649 2619 obtecta

456 2663 528 2736 sub
543 2660 920 2755 peridermatefusca‚
940 2661 980 2736 in
999 2663 1115 2736 latere
1135 2661 1311 2735 interiore
1323 2659 1648 2734 cinnamomeaaut

458 2791 704 2877 fusco-rubra,
733 2789 920 2863 subtiliter
947 2790 1088 2878 striata,
1126 2789 1375 2882 microscopio
1405 2788 1650 2881 dignoscenda

458 2916 561 2990 fibris
581 2916 666 2989 libri
685 2917 908 3009 plerumque
928 2917 1195 3006 fusisormibus‚
1216 2922 1277 2990 sat
1293 2916 1481 3006 brevibus,
1500 2919 1650 3010 perfecte

458 3043 677 3116 incrassatis
726 3048 763 3116 ct
807 3042 1002 3131 induratis,
1049 3042 1224 3116 radiatim
1276 3064 1343 3136 per
1384 3042 1650 3136 endophloeum

459 3170 649 3264 dispersis,
670 3169 824 3263 Saporis
844 3176 903 3243 est
922 3171 1041 3243 amari
1062 3175 1099 3243 et
1118 3170 1396 3263 adstringentis.

566 3296 695 3370 Pulvis
734 3296 882 3370 corticis
921 3319 941 3370 e
978 3297 1252 3386 rubro-luscus,
1298 3297 1339 3369 in
1375 3298 1507 3370 tubulo
1548 3298 1648 3371 vitreo

461 3424 716 3513 candefactus,
740 3424 863 3517 picem
882 3424 1063 3516 liquidam
1079 3424 1235 3517 pulchre
1255 3425 1470 3497 coccineam
1490 3430 1529 3498 et
1548 3430 1649 3498 tenta·

458 3552 552 3625 mini
586 3552 758 3645 sequenti
792 3551 961 3626 chemico
999 3550 1203 3641 subjectus
1241 3551 1391 3624 basium
1427 3552 1649 3644 propriarum

458 3702 536 3755 non
561 3681 686 3754 minus
715 3701 830 3772 quam
853 3680 1064 3753 incentum
1095 3678 1264 3772 pertibus
1297 3685 1374 3753 tres
1407 3684 1443 3752 et
1469 3679 1649 3752 dimidiam

458 3809 649 3900 praebeat.

570 3935 790 4010 Grammata
804 3935 934 4028 viginti
950 3934 1108 4009 Corticis
1123 3934 1266 4009 Chinae
1277 3934 1464 4027 pulverati
1478 3934 1517 4007 in
1532 3956 1648 4008 cucur-

460 4066 539 4138 bita
583 4065 663 4138 noti
706 4063 886 4156 ponderis
924 4064 1155 4137 misceantur
1202 4085 1288 4136 cum
1327 4062 1458 4155 viginti
1502 4069 1649 4156 quatuor

465 4193 644 4287 grarmnis
683 4194 788 4266 calcii
825 4193 1101 4285 hydrooxydati
1139 4197 1309 4266 recenter
1344 4191 1466 4285 parati
1504 4198 1543 4266 et
1577 4212 1647 4264 curn

462 4321 640 4413 grammis
661 4320 946 4414 quadringentis
966 4320 1120 4413 spiritus
1136 4320 1213 4394 vini
1234 4319 1473 4394 concentrati.
1492 4319 1648 4393 Pondere

462 4449 675 4522 cucurbitae
703 4470 781 4521 una
801 4470 931 4521 eorum
953 4469 1049 4540 quae
1074 4449 1206 4522 insunt
1234 4448 1373 4521 trutina
1393 4447 1603 4520 examinato
1620 4451 1647 4518 et

461 4582 602 4664 notato,
623 4576 816 4649 cucurbita
835 4597 922 4648 cum
942 4581 1126 4668 apparatu
1146 4574 1416 4666 refrigeratorio
1432 4578 1517 4666 apte
1532 4573 1646 4666 juncta

463 4711 672 4796 exponatur
710 4705 832 4776 calore
869 4705 1006 4776 balneo
1045 4703 1195 4795 vaporis
1233 4725 1300 4795 per
1339 4702 1471 4774 boram
1510 4700 1645 4794 saepius
