3500 5450
655 544 899 617 -157-

292 760 385 832 Kalii
407 760 566 833 bromati
596 761 780 834 exsiccati.
797 744 1090 853 denigrammata
1119 763 1193 835 duo
1220 762 1259 835 in
1288 784 1385 853 aqua

183 890 307 961 soluta
327 887 455 960 addito
474 887 639 980 pauxillo
659 888 747 960 kalii
763 889 953 978 chronna,
974 911 1043 963 nec
1062 889 1157 962 infra
1173 890 1335 963 sedecim
1350 895 1387 961 et

183 1015 377 1088 dimidium
398 1017 606 1107 (16·5)nec
625 1017 723 1089 ultra
742 1016 1010 1109 septemdecim
1027 1019 1150 1108 (rr-0)
1167 1017 1385 1090 centimetra

183 1143 314 1216 cubica
338 1144 534 1216 solutionis
561 1144 794 1217 volumetrici
822 1145 966 1236 argenti
997 1145 1118 1218 nitrici
1145 1150 1383 1238 consumant,

183 1270 302 1343 donec
317 1271 600 1364 praecipitatum
621 1251 756 1345 coloris
777 1273 877 1345 rubri
897 1295 972 1345 non
994 1275 1154 1367 amplius
1180 1275 1383 1348 evanescit.

356 1740 571 1848 {lolium
601 1740 949 1850 carbonioum
976 1739 1218 1849 crudum.

293 1982 490 2055 Contineat
527 1981 567 2053 in
615 1987 764 2055 centum
790 1982 970 2075 partibus
1019 1982 1215 2054 minimum
1257 1986 1383 2075 partes

187 2113 238 2184 80
257 2111 351 2183 Kalii
372 2110 568 2198 carbonicl‚
590 2110 678 2183 ltine
705 2110 996 2204 decigrammata
1015 2111 1090 2183 duo
1120 2109 1211 2182 salis
1241 2109 1384 2181 venalis

185 2238 313 2311 siccati
333 2238 529 2311 minimum
547 2238 740 2330 requirant
767 2240 986 2312 centimetra
1014 2237 1146 2312 cubica
1165 2237 1294 2329 viginti
1314 2236 1386 2309 tria

186 2371 223 2438 et
242 2366 339 2438 duas
369 2366 532 2438 decimas
565 2366 668 2455 (tw
695 2365 781 2456 CC.)
807 2365 1007 2439 solutionis
1028 2365 1323 2454 alcalimetricae,
1343 2369 1385 2437 ut

184 2493 345 2586 perfecte
365 2497 591 2567 saturentur.

373 2944 586 3051 ltalium
613 2943 962 3052 sorbonicum
989 2976 1198 3087 purum.

291 3187 418 3260 Pulvis
439 3186 559 3275 albus,
578 3187 779 3260 reactiouis
809 3187 999 3274 amelinae,
1020 3193 1106 3258 aere
1130 3185 1286 3257 humido
1317 3186 1382 3258 dit'-

183 3318 315 3404 tlucns,
337 3316 374 3387 in
394 3315 540 3406 aequali
558 3314 723 3407 pondere
744 3336 865 3406 aquae
885 3337 1041 3407 prorsus
1062 3318 1099 3387 et
1127 3313 1279 3406 quidem
1304 3313 1383 3385 lim·

188 3443 274 3534 pide
295 3441 475 3529 solubilia,
510 3442 627 3513 acidis
661 3442 791 3514 affusis
819 3442 1035 3529 effervescit,
1068 3441 1184 3513 limbo
1212 3442 1385 3513 flammae

187 3591 321 3663 parurn
335 3569 506 3657 lucentis,
523 3589 593 3662 ope
608 3568 660 3640 fili
675 3568 828 3661 platinei
843 3569 883 3641 in
897 3591 1029 3642 ansam
1045 3567 1185 3640 curvati
1200 3568 1386 3655 admotus,

183 3698 375 3770 flammam
394 3696 560 3769 violaceo
582 3697 705 3769 colore
725 3695 851 3769 inficit.

294 3824 436 3897 Solutio
448 3845 603 3916 aquosa,
614 3825 652 3896 in
668 3824 894 3896 solutionem
910 3824 1052 3915 argenti
1064 3822 1183 3895 uitrici
1198 3823 1385 3911 instillata,

183 3952 467 4046 praecipitatum
486 3953 663 4044 praebeat
683 3973 783 4023 mere
803 3952 941 4039 album,
968 3950 1069 4042 quod
1104 3951 1225 4023 calore
1253 3951 1386 4023 leniter

184 4086 293 4154 aucto
314 4102 362 4152 ne
397 4080 583 4171 nigrescat
617 4084 653 4151 et
685 4079 794 4152 acido
827 4078 969 4165 uitrico,
1003 4077 1205 4170 perexiguo
1234 4078 1385 4150 nonnisi

184 4209 334 4281 residuo
350 4206 488 4294 relicta,
505 4207 682 4279 solvatur.
700 4207 840 4279 Eadem
855 4206 945 4277 salis
961 4204 1096 4278 solutio
1112 4226 1181 4278 nec
1197 4207 1384 4278 ammonio

185 4335 488 4428 lrydrosullurato
509 4339 682 4421 mutetur,
708 4355 788 4422 nec,
819 4333 955 4405 additis
990 4333 1104 4423 guttis
1134 4333 1276 4425 aliquot
1301 4334 1385 4406 terri

185 4463 351 4536 sulfurici
372 4467 408 4535 et
428 4461 727 4554 sesquichlorati‚
748 4461 796 4533 ad
817 4460 1070 4534 ebullitionem
1096 4466 1225 4534 evecta
1244 4466 1280 4534 et
1299 4461 1385 4534 dein

185 4590 292 4663 acido
309 4589 597 4682 hydroclrlorico
608 4593 900 4682 supersaturata,
912 4589 1162 4662 sedimentum
1173 4589 1386 4662 caeruleum

186 4718 332 4791 elliciat.
