3500 5450
651 566 860 636 ..87-

620 773 897 885 llxtrccta.

265 1012 506 1087 Substantiae
526 1015 751 1107 plantarum,
773 1020 821 1091 ad
847 1019 1025 1093 Extracta
1050 1023 1223 1114 paranda
1247 1023 1358 1097 desti-

154 1145 277 1230 natae,
292 1163 361 1234 pro
378 1164 508 1215 earum
527 1142 658 1217 habitu
679 1151 715 1219 et
733 1151 881 1220 textura
906 1147 1070 1222 siccatae
1095 1150 1270 1223 concisae
1294 1156 1360 1224 aut

155 1273 346 1358 contusae,
374 1290 506 1361 grosse
536 1272 594 1343 vel
625 1273 811 1345 subtiliter
839 1276 1058 1367 pulveratae
1094 1277 1354 1351 adhibeantur.

265 1413 324 1488 Ad
367 1415 563 1489 efficienda
600 1423 766 1492 extracta
804 1442 949 1514 aquosa
996 1423 1232 1497 substantiae
1280 1424 1359 1496 sive

157 1551 418 1641 maceratione,
442 1552 523 1626 sive
545 1552 755 1644 digestione
772 1549 1027 1640 subjiciantur.
1052 1550 1218 1624 Duraute
1233 1572 1357 1624 mace·

156 1677 300 1751 ratione
320 1680 543 1770 vegetabilia
562 1702 610 1753 ne
629 1679 728 1751 ultra
749 1679 838 1765 20⁰,
860 1677 1068 1768 digestione
1093 1679 1259 1751 neultra
1280 1680 1354 1752 50⁰

157 1807 338 1879 calefiant.
369 1808 568 1883 Maceratio
593 1831 640 1881 ne
670 1807 708 1880 in
735 1806 816 1879 dies
853 1807 1104 1898 protrahatur,
1132 1827 1205 1899 quo
1235 1806 1359 1880 soluta

157 1933 195 2005 in
224 1934 551 2034 fermentationem
578 1937 726 2023 abeunt,
763 1936 842 2008 sive
872 1933 1070 2007 mucedine
1096 1933 1357 2026 corripiuntur.

264 2061 445 2154 Liquores
486 2063 639 2156 aquosi,
685 2062 844 2153 singulis
884 2060 1167 2153 operationibus
1208 2061 1358 2148 defluxi,

158 2188 334 2262 statimin
349 2190 485 2263 balneo
501 2212 620 2283 aquae
637 2190 684 2262 ad
701 2194 874 2282 quartam
888 2187 1090 2260 voluminis
1105 2194 1251 2281 partem
1271 2211 1355 2262 eva-

157 2315 326 2407 porando
359 2317 585 2409 redigantur,
619 2322 700 2389 tum
732 2317 815 2389 loco
849 2316 981 2407 frigido
1016 2320 1250 2408 seponantur
1276 2322 1355 2390 eta

158 2443 376 2516 substantiis
396 2465 472 2516 uon
494 2444 717 2517 solubilibus
747 2443 932 2536 depositis
959 2444 1037 2517 sive
1067 2444 1356 2517 decanthatione

158 2569 236 2642 sive
265 2570 465 2644 filtratione
493 2572 649 2658 liberati,
677 2570 774 2643 inter
801 2591 843 2643 se
871 2572 978 2643 mixti
1006 2572 1077 2643 sub
1103 2576 1354 2664 temperatura

164 2697 262 2771 100ο
296 2718 375 2770 non
403 2697 607 2790 attingente
635 2699 683 2772 ad
709 2697 850 2790 justam
879 2698 1037 2771 extracti
1071 2698 1358 2772 consistentiam

160 2832 424 2919 evaporantur.

267 2954 507 3028 Substantiae
529 2956 599 3028 ade
615 2960 761 3027 xtracta
776 2954 983 3047 spirituosa
998 2958 1034 3026 et
1053 2953 1229 3026 aetherea
1245 2956 1357 3028 conli-

160 3082 302 3171 cienda,
335 3083 553 3174 pulveratae
583 3087 620 3155 et
652 3104 739 3155 cum
773 3082 910 3173 exigua
938 3080 1144 3172 quantitate
1173 3083 1357 3155 menstrui

156 3209 405 3299 humectatae,
420 3209 637 3300 ingerantur
651 3211 690 3282 in
705 3216 929 3303 apparatum
949 3209 1214 3301 depulsorium,
1236 3209 1354 3282 affun-

158 3336 282 3409 dendo
325 3338 505 3410 menstrui
543 3337 791 3410 sufficientem
840 3336 1100 3430 quantitatem,
1140 3340 1181 3406 ut
1226 3356 1357 3408 massa

157 3462 303 3556 liquore
323 3469 423 3538 tecta
441 3464 498 3537 sit.
525 3464 724 3538 Maceratio
745 3469 930 3557 apparatu
950 3465 1078 3537 clauso
1104 3483 1170 3556 per
1196 3462 1355 3554 quadra-

158 3590 261 3680 ginta
275 3596 359 3664 octo
375 3591 490 3664 horas
511 3591 761 3665 continuetur.
782 3591 875 3663 Dein
894 3591 1077 3683 liquidum
1096 3590 1264 3662 defluens
1282 3590 1356 3662 col-

156 3718 228 3810 lige
252 3725 288 3793 et
309 3719 464 3793 residuo
485 3720 753 3813 supereffunde
769 3741 836 3811 per
851 3719 954 3792 vices
970 3719 1154 3809 reliquam
1174 3718 1357 3790 menstrui

159 3846 416 3935 quantitatem.
437 3846 618 3938 Liquores
639 3846 782 3918 collecti
807 3846 1036 3918 misceantur
1064 3850 1101 3918 et
1120 3845 1358 3919 destillationi

158 3972 632 4063 subjiciantur.Residuum
646 3972 722 4044 leni
734 3974 911 4045 caloread
923 3972 1194 4066 praescriptam
1205 3974 1356 4046 extracti

158 4098 442 4172 consistentiam
461 4100 664 4192 redigatur.

265 4227 440 4300 Extracta
473 4227 528 4299 sic
555 4227 654 4299 dicta
686 4226 835 4299 fluida
860 4226 899 4297 in
933 4230 1118 4318 apparatu
1144 4225 1357 4317 depulsorio

157 4356 290 4427 eodem
322 4354 435 4426 modo
465 4359 505 4427 ut
538 4358 706 4427 extracta
734 4353 938 4446 spirituosa
966 4358 1155 4445 parentur,
1192 4358 1356 4426 attamen

155 4482 279 4573 liquor
298 4480 462 4573 primum
496 4482 678 4567 defluxus,
713 4480 849 4572 quodsi
884 4481 1075 4553 delinitam
1109 4480 1354 4572 quantitatem

157 4608 329 4699 attigerit,
351 4614 545 4701 separetur
561 4630 584 4681 a
598 4609 742 4701 reliqua
760 4607 893 4701 liquidi
910 4606 1109 4680 defluentis
1125 4607 1244 4700 copia,
1261 4629 1356 4699 quae

157 4734 398 4808 destillationi
437 4736 665 4827 subjiciatur.
705 4735 913 4808 Residuum
951 4736 1037 4807 inde
1070 4755 1269 4806 remanens
1310 4734 1356 4805 ad
