3500 5450
664 578 905 652 -mr-

456 789 853 899 Terebinthina
888 790 1108 898 Veneta.

537 1017 826 1098 Terebinthina
848 1018 1026 1097 laricina.

290 1212 407 1284 Pinus
445 1211 561 1285 Larix
603 1213 743 1300 Linn.‚
797 1214 910 1287 arbor
954 1212 1131 1304 indigena
1173 1213 1383 1286 notissima.

190 1339 385 1432 Coaiferae.
406 1339 617 1414 Abiatiaeaa.

289 1467 508 1540 Balsamum
536 1469 716 1559 naturale,
746 1490 766 1541 e
795 1473 926 1541 trunco
974 1467 1170 1539 vulnerato
1210 1466 1382 1555 effluenS,

183 1593 483 1687 spissiuseulum
517 1600 640 1683 tenax,
674 1596 896 1687 plerumque
915 1593 1122 1686 limpidum,
1143 1593 1384 1686 diaphanum,

182 1720 389 1813 aequabile,
424 1722 559 1796 eoloris
580 1721 738 1795 subflavi
758 1726 822 1794 aut
841 1718 1133 1807 subviridi-tlavi,
1163 1719 1289 1793 odoris
1308 1720 1385 1792 bal·

181 1847 321 1937 samici‚
358 1848 460 1922 haud
495 1849 642 1940 ingrati,
677 1847 823 1941 saporis
853 1845 1150 1935 aeri-aromatici,
1181 1847 1383 1920 subamari.

287 1975 330 2048 In
357 1976 492 2049 balneo
522 1998 642 2069 aquae
663 1973 894 2063 calefactum,
921 1974 1062 2048 amisso
1092 1974 1175 2047 oleo
1195 1973 1383 2066 aethereo,

179 2104 344 2177 resinam
360 2103 537 2196 relinquit
550 2103 754 2195 limpidam,
773 2107 861 2195 post
879 2101 1195 2194 refrigerationem
1215 2100 1385 2194 solidam,

181 2230 360 2322 fragilem.
394 2229 437 2303 In
471 2230 603 2322 spiritu
633 2230 708 2302 vini
744 2234 983 2303 concentrato
1020 2250 1064 2301 ex
1098 2232 1177 2301 toto
1215 2228 1385 2318 solvitur,

184 2357 410 2432 solutionem
428 2357 614 2451 praebens
633 2357 837 2450 limpidam.

286 2483 529 2580 Emplastram
558 2483 800 2558 adhaesimrm.
834 2483 1081 2579 Emphrstram
1112 2481 1381 2554 Cantharidum.

178 2611 424 2707 Emplastram
460 2610 719 2684 Cantharidum
742 2617 962 2706 perpetuam.
993 2608 1242 2705 Emplastra-m
1268 2610 1384 2684 Canii.

183 2738 426 2836 Emplastram
457 2738 655 2835 Diaatplam
680 2740 918 2835 compositam.
945 2739 1188 2834 Emplastram
1221 2737 1382 2811 Metitott'.

183 2866 683 2966 Emplastramoayaroaeam.

613 3133 948 3278 Thymolum.

291 3359 463 3453 Crystalli
495 3360 799 3448 tabulaelormeS,
840 3360 1045 3448 decoloreS,
1091 3359 1216 3431 oleum
1249 3359 1385 3450 Thymi

183 3488 406 3577 redolenter,
427 3487 572 3580 saporis
592 3487 783 3560 aromatici
803 3487 958 3575 urentia,
987 3489 1110 3560 calore
1130 3486 1272 3560 circiter
1296 3487 1380 3559 500

181 3614 403 3706 liquescunt,
432 3614 471 3687 in
500 3636 601 3707 aqua
623 3614 695 3702 vin,
722 3613 761 3687 in
787 3614 920 3707 spiritu
944 3614 1030 3702 vini,
1056 3614 1218 3703 aethere,
1240 3614 1385 3690 chloro·

181 3741 312 3813 formio
341 3745 377 3813 et
408 3740 530 3813 natrio
565 3741 850 3833 hydrooxydato
880 3741 1004 3814 soluto
1039 3741 1146 3815 facile
1175 3742 1383 3815 solvuntur.

184 3868 390 3960 Crystallus
410 3868 449 3939 in
469 3888 606 3958 aquam
625 3868 787 3960 iniectus
802 3868 919 3942 imum
933 3868 1036 3960 petit,
1050 3869 1248 3960 liquelarta
1264 3890 1386 3961 aquae

181 3999 360 4088 supemat
383 3998 409 4066 t.

289 4121 516 4213 Thymolum
536 4121 606 4195 sub
627 4125 879 4213 temperatura
900 4121 1086 4194 ordinaria
1114 4120 1154 4193 in
1174 4125 1384 4217 quadruplo

178 4249 344 4343 pondere
374 4248 467 4322 acidi
488 4248 653 4322 sullurici
674 4248 903 4321 concentrati
919 4248 1086 4336 solvitur,
1102 4247 1225 4340 liquor
1249 4251 1384 4324 eoloris

180 4375 337 4449 subflavi
353 4376 604 4450 calefaciendo
625 4377 788 4448 colorem
801 4398 954 4449 roseum
972 4376 1102 4450 induit.
1118 4376 1220 4450 Haec
1236 4378 1384 4467 solatia,

179 4503 218 4576 in
265 4505 463 4597 decuplam
505 4503 752 4596 quantitatem
799 4525 919 4595 aquae
966 4504 1093 4577 intusa
1148 4508 1185 4576 et
1230 4505 1384 4597 plumbo

181 4631 379 4704 carbonico
406 4635 688 4725 supersuturata
713 4635 750 4703 et
777 4631 924 4719 filtrata,
958 4631 1085 4704 addito
1118 4632 1281 4724 parmillo
1302 4633 1387 4712 ferri

181 4758 468 4853 sesquichlorati
490 4758 653 4834 colorem
673 4781 692 4830 e
712 4758 878 4835 violaceo
899 4759 1110 4836 caeruleum
1130 4757 1260 4838 induit.
