3500 5450
678 548 920 621 —art-

202 767 484 855 orbicularibus
505 766 675 859 ellipticis
690 774 755 841 aut
768 768 1029 841 renitormibus
1049 768 1087 839 in
1105 766 1398 859 parcncbymate
1469 788 1478 807 ·

202 896 298 968 laete
317 895 438 982 viridi;
467 894 635 968 rhizoma
653 896 777 988 ipsum
796 897 835 968 in
855 902 1099 989 conspectum
1125 896 1189 968 dat
1206 898 1401 987 praeterea

203 1024 379 1096 circulum
398 1023 640 1114 irregularem
660 1028 855 1097 externum
874 1024 1138 1097 fasciculorum
1158 1023 1356 1094 minorum.

313 1150 436 1223 Radix
469 1156 527 1224 est
559 1151 707 1243 saporis
739 1125 942 1241 subdulcis,
963 1151 1243 1242 adstringentis
1265 1148 1399 1221 deinde

203 1277 385 1381 subacris.
407 1277 610 1370 Colligatur
630 1283 810 1351 autumno
832 1283 868 1353 et
888 1277 1090 1372 quotannis
1109 1282 1320 1350 renovetur.
1342 1275 1401 1347 Ad

204 1408 395 1500 pulverem
414 1406 625 1497 parandum
652 1406 820 1479 rbizoma
839 1430 862 1479 a
880 1407 1208 1499 phyllopodiorum
1233 1405 1402 1507 partibus

204 1555 283 1608 non
300 1532 532 1621 medullosis,
551 1534 668 1625 paleis
687 1535 952 1626 radicibusque
981 1534 1173 1606 fibrillosis
1193 1532 1402 1618 liberatum,

205 1684 283 1735 una
320 1681 406 1734 cum
442 1660 694 1753 phyllopodiis
733 1662 968 1736 decorticatis
1007 1667 1115 1734 caute
1159 1660 1320 1733 siccetur
1368 1662 1404 1730 et

206 1789 328 1882 pulvis
351 1787 447 1861 laete
467 1786 595 1860 viridis
614 1789 773 1862 invasis
794 1790 888 1863 bene
909 1788 1104 1890 obtinatiS,
1123 1788 1196 1861 luci
1215 1787 1402 1879 imperviis

207 1922 385 1990 servetur.
405 1913 532 1988 Pulvis
552 1915 687 1989 coloris
707 1917 831 1990 flavidi
851 1922 916 1990 aut
936 1914 1181 1989 cinnamomei
1205 1913 1402 2007 rejiciatur.

315 2041 535 2115 Extractnm.

553 2329 730 2440 Radix
755 2329 1071 2440 Gentianae.

324 2553 501 2626 Gentiana
528 2554 621 2625 lutea
649 2554 772 2626 Linn.
805 2560 841 2628 et
873 2554 1048 2627 Gentiano
1072 2553 1281 2626 Parmenion
1308 2555 1406 2625 Sco·

209 2683 313 2775 poli,
350 2682 500 2775 plantae
524 2703 720 2775 perennes
740 2683 779 2756 in
811 2684 928 2776 pratis
963 2682 1169 2775 subalpinis
1204 2685 1240 2755 et
1272 2680 1408 2774 alpinis

209 2812 381 2904 Europae
400 2809 546 2883 mediae
566 2815 810 2903 spontaneae.
838 2810 1101 2883 Gentianaeeae.

322 2938 443 3010 Radix
482 2958 653 3024 carnosa,
699 2938 920 3030 plerumque
966 2939 1153 3031 pluriceps
1201 2942 1239 3009 et
1274 2958 1409 3028 parum

213 3088 375 3154 ramosa,
397 3065 535 3137 siccata
558 3064 596 3136 in
612 3067 814 3156 segmentis
836 3066 1079 3140 decimatrum
1102 3072 1140 3139 et
1158 3065 1257 3137 ultra
1275 3064 1408 3155 longis,

213 3195 288 3266 duo
309 3193 356 3265 ad
376 3191 540 3284 quinque
561 3193 779 3266 centimetra
798 3195 947 3284 crassis
974 3193 1193 3286 cylindricis,
1222 3192 1409 3264 interdum

209 3342 278 3413 per
314 3318 582 3410 longitudinem
608 3321 731 3410 sectis,
770 3343 931 3415 superne
964 3322 1112 3395 annulis
1141 3319 1409 3413 approximatis

212 3447 466 3536 transversim,
503 3451 691 3520 caeterum
728 3448 1044 3541 longitudinaliter
1079 3470 1211 3541 grosse
1249 3446 1409 3537 rugosis,

213 3580 425 3648 extrorsum
454 3575 753 3665 subrufo-fuscis
792 3578 996 3650 introrsum
1026 3577 1148 3649 colore
1174 3575 1410 3662 luscossavo,

217 3703 419 3794 fragilibus
439 3703 602 3774 fractura
625 3725 770 3795 aspera,
795 3706 863 3777 sed
884 3704 1103 3777 humiditate
1116 3707 1275 3776 attracta
1302 3707 1405 3775 tena-

214 3830 319 3903 cibus
345 3833 381 3901 et
405 3830 636 3918 flexibilibus,
676 3832 803 3905 odoris
842 3832 1069 3918 dulciusculi,
1091 3830 1232 3903 caricas
1252 3831 1410 3903 siccatas

212 3958 417 4044 referentis,
437 3958 583 4049 saporis
603 3961 799 4050 peramari,
820 3960 989 4033 saucibus
1010 3959 1072 4031 diu
1092 3958 1344 4030 adhaerentia.

325 4084 445 4156 Sectio
463 4089 681 4158 transversa
699 4087 834 4159 radicis
855 4087 931 4160 fere
952 4086 1156 4178 aequaliter
1175 4085 1413 4176 fusco-flava,

216 4213 355 4285 annulo
391 4212 561 4284 canrbiali
594 4234 613 4284 e
647 4215 891 4306 nigro-lusca,
912 4216 1050 4288 nitente
1086 4219 1122 4287 et
1149 4214 1248 4304 ligno
1276 4234 1412 4304 parum

216 4339 411 4413 manifeste
430 4339 601 4415 radiatim
617 4344 757 4417 striato.
775 4343 1062 4434 Pareucbymati
1077 4341 1242 4433 amylum
1258 4341 1412 4413 omnino

219 4468 336 4540 deest.

325 4593 542 4668 Extraclum.
579 4598 712 4694 Species
745 4601 987 4673 cilimanico.
1027 4597 1196 4669 Tinctum
1230 4594 1413 4666 Abstulit

219 4728 416 4832 composito.
442 4727 611 4801 Tinctnra
631 4717 769 4802 oraora.
795 4729 966 4800 Tinctum
991 4725 1123 4798 tbinuc
1141 4722 1340 4818 composito.
