3500 5450
875 511 1118 584 —190—

399 722 576 814 ponderis
592 742 692 815 spec.
710 726 990 801 0·980-0·990.
1007 726 1085 799 Sub
1106 731 1362 819 temperatura
1382 728 1535 799 10-150
1554 728 1590 798 C.

392 850 430 920 in
449 870 618 922 massam
637 852 891 941 crystallinam
911 875 957 927 ex
978 857 1082 944 parte
1108 853 1230 943 abeat,
1268 853 1308 925 in
1339 854 1492 945 spiritus
1520 854 1591 926 riui

393 978 561 1067 partibus
579 976 698 1049 tribus
718 979 881 1071 perfecte
901 980 1079 1054 solvatur.

504 1104 617 1178 Gutta
662 1124 738 1177 una
784 1105 866 1193 olei,
912 1107 951 1179 iu
998 1106 1168 1180 chartam
1211 1106 1381 1180 bibulam
1426 1107 1591 1200 delapsa.

394 1230 583 1304 maculam
610 1232 799 1324 pinguem,
824 1233 863 1306 in
888 1233 1020 1326 spiritu
1050 1233 1124 1305 vini
1148 1233 1386 1306 insolubilem
1415 1255 1462 1306 ne
1490 1234 1591 1307 dere·

393 1358 555 1451 linquat;
572 1359 643 1432 sub
660 1360 783 1432 calore
798 1361 942 1434 sensim
957 1365 1067 1434 aucto
1083 1359 1216 1447 avolet,
1231 1358 1383 1434 residuo
1399 1361 1457 1433 vel
1476 1361 1590 1450 nullo

394 1486 453 1560 vel
481 1486 632 1559 nonnisi
655 1488 860 1579 perexiguo
891 1487 1036 1574 relict03
1062 1487 1263 1560 frustulum
1299 1488 1402 1560 calcii
1436 1486 1591 1561 chlorati

393 1613 478 1702 fusi,
505 1614 798 1706 magnitudinuis
813 1615 885 1708 pisi
905 1636 990 1688 cum
1010 1615 1093 1687 oleo
1109 1619 1334 1707 quassatum
1353 1635 1422 1688 nec
1439 1615 1591 1705 diffluat

395 1762 464 1814 nec
484 1741 713 1815 emollescat.

502 1869 574 1942 NB.
602 1867 695 1941 Olea
725 1869 901 1943 aetherea
930 1869 970 1940 in
1003 1887 1137 1959 genere
1170 1868 1241 1941 sub
1275 1869 1591 1961 explorationibus

394 1995 505 2068 modo
525 1996 751 2069 enumeratis
772 2017 813 2068 se
832 1996 1036 2089 praebeant
1053 1999 1095 2068 ut
1115 1994 1248 2069 Oleum
1267 1995 1382 2072 Arrisi.

502 2119 639 2217 loquor
657 2123 866 2196 Ammonioe
884 2123 1054 2196 conotus.

631 2407 814 2516 tileum
848 2408 1092 2517 iurantii
1121 2408 1354 2516 corticis

504 2631 532 2703 E
561 2632 769 2725 pericarpio
804 2631 897 2704 uitri
925 2632 1081 2730 culparis
1108 2638 1294 2726 puratum,
1320 2632 1369 2704 sit
1387 2632 1589 2725 limpidum,

275 2816 278 2821 .
396 2760 690 2849 subilavesceus,
710 2761 835 2834 odoris
851 2760 1005 2834 Corticis
1021 2762 1179 2833 Fructus
1194 2760 1363 2833 Aurautii
1382 2761 1590 2853 peculiaris,

395 2888 542 2980 saporis
599 2892 703 2979 grate
760 2887 953 2960 aromatici
1011 2909 1096 2961 cum
1153 2887 1281 2979 aliqua
1334 2888 1589 2977 amaritudine,

395 3016 573 3108 ponderis
612 3036 712 3109 spec.
765 3017 896 3104 0860,
944 3015 983 3087 in
1030 3016 1161 3108 spiritu
1225 3014 1299 3088 viui
1352 3022 1590 3090 concentrato

395 3145 502 3218 t'acile
523 3146 690 3219 solubile.

505 3272 643 3344 Tractu
667 3273 845 3364 temporis
867 3272 1071 3364 particulas
1101 3272 1350 3365 crystallinas
1376 3272 1412 3344 in
1433 3295 1533 3365 aqua
1556 3279 1590 3346 et

396 3399 526 3491 spiritu
545 3399 620 3472 vini
639 3399 820 3473 solubiles
840 3399 1003 3491 deponit.

650 3683 831 3793 (ileum
866 3681 1114 3793 iurantii
1140 3684 1349 3792 florum.

504 3909 532 3981 E
549 3909 703 3982 floribus
724 3909 818 3982 Citri
831 3908 988 4005 cubaria
1007 3909 1211 3997 obtentum,
1222 3928 1354 3982 recens
1372 3907 1420 3980 sit
1434 3906 1590 3995 decolor,

396 4043 517 4125 tenue,
538 4044 706 4130 tempore
727 4037 947 4122 flavescens
968 4035 1120 4107 demum
1140 4036 1449 4122 eiusco-tlavum,
1467 4034 1591 4107 odoris

395 4167 530 4237 tlorum
565 4164 737 4238 llurantii
771 4162 982 4257 peculiaris,
1017 4163 1164 4255 saporis
1197 4162 1361 4251 primum
1388 4162 1589 4250 subdulciS,

395 4300 475 4367 tum
488 4292 606 4366 amari
627 4296 663 4365 et
683 4292 789 4380 acris
810 4289 986 4384 ponderis
1006 4310 1106 4382 spec.
1122 4309 1258 4361 versus
1273 4290 1402 4377 0890,
1423 4288 1591 4361 facillime

396 4420 434 4493 in
454 4419 584 4512 spiritu
604 4419 679 4492 vini
699 4422 939 4492 concentrato
960 4416 1119 4488 solubile
1151 4416 1191 4488 lu
1213 4415 1446 4488 tenuioribus
1467 4417 1591 4488 stratis

395 4548 561 4621 violaceo
582 4546 707 4619 colore
727 4547 927 4620 fluorescit.

504 4674 665 4747 Mirtura
686 4674 1008 4747 oleoso-balsameo.
