3500 5450
652 1628 887 1738 Accium.

279 1929 308 2000 E
336 1927 468 2019 spiritu
497 1928 572 1999 vini
601 1949 700 2019 aqua
735 1927 851 1999 diluto
871 1932 1058 2019 paratum,
1092 1927 1142 1999 sit
1164 1928 1370 2021 limpidum,

172 2056 306 2128 coluris
336 2055 412 2127 fere
439 2077 592 2148 capara,
622 2054 749 2127 odoris
781 2059 817 2126 et
845 2054 991 2146 saporis
1030 2054 1125 2126 acidi
1162 2056 1371 2148 peculiaris,

170 2182 348 2277 ponderis
367 2183 531 2275 specifici
550 2181 694 2254 circiter
717 2182 843 2253 1008.

279 2311 438 2382 Acetum
467 2330 567 2399 aqua
594 2307 900 2399 hydccsulfurata
933 2308 1090 2391 mixtum
1118 2331 1166 2382 nc
1196 2313 1371 2401 mutetur,

172 2457 258 2508 cum
272 2436 394 2508 natric
412 2435 612 2508 carbonico
632 2438 841 2507 saturatum
857 2455 1034 2526 saporem
1053 2457 1124 2508 nec
1145 2458 1281 2525 acrem,
1302 2459 1372 2510 nec

172 2562 530 2657 clnpyrcumaticum
568 2562 758 2654 praebeat,
785 2560 860 2632 leni
890 2561 1011 2634 calore
1039 2563 1087 2635 ad
1112 2565 1253 2635 siccum
1283 2584 1369 2634 cva-

171 2696 346 2785 poratum
366 2691 559 2764 residuum
574 2690 761 2781 exiguum,
777 2687 879 2782 quod
891 2692 1009 2762 restat
1023 2691 1190 2782 ignitum,
1208 2690 1255 2763 sit
1268 2711 1371 2764 reac-

171 2820 283 2893 tionis
314 2819 504 2892 alcalinac.

280 2946 478 3019 Contiueat
501 2945 539 3017 in
559 2948 711 3017 centum
730 2940 900 3035 partibus
919 2946 1046 3033 partes
1069 2942 1091 3014 6
1114 2942 1209 3014 acidi
1229 2945 1369 3017 aceiici.

170 3074 267 3146 Hinc
297 3074 516 3146 centimetra
544 3071 676 3143 cubica
710 3069 874 3161 quinque
904 3069 944 3159 (5
973 3067 1046 3156 CC)
1077 3067 1191 3157 Accii,
1227 3072 1374 3161 aequali

172 3202 382 3295 quantitate
409 3221 531 3293 aquae
562 3198 768 3271 destillatac
795 3197 924 3284 diluta,
957 3197 1149 3286 requirant
1178 3196 1373 3272 minimum

172 3331 389 3403 centimetra
410 3327 542 3400 cubica
568 3324 844 3417 quinquaginta
860 3324 929 3414 (50
950 3322 1022 3416 CC)
1043 3323 1239 3397 solutionis
1262 3328 1372 3399 acidi-

171 3459 348 3531 mctricae
370 3456 631 3529 decinormalis
653 3453 701 3525 ad
721 3453 927 3544 perfectam
946 3451 1229 3526 saturationem.

283 3573 424 3657 Acelum
439 3584 677 3654 aromaticum.
710 3579 850 3676 Ocymci
870 3578 1030 3674 simplex.

460 3960 679 4072 Acetum
709 3956 1083 4064 aromaticum.

172 4184 273 4279 Rpc:
309 4182 491 4261 Foliorum
511 4179 675 4260 iicutluu
694 4178 878 4280 piperitac

397 4370 420 4412 ‚‚
509 4307 709 4389 Basmarini

400 4497 421 4536 ,.
512 4437 654 4518 Salviae
710 4436 757 4508 ᾶᾶ
774 4441 973 4532 mammam
997 4437 1123 4532 viqinti
1142 4445 1292 4538 quiaque
1321 4446 1371 4518 uf>

307 4568 449 4645 Radius
470 4566 663 4668 Angciiaae

364 4750 387 4791 ,‚
463 4693 661 4772 iciaariac

225 4852 418 4907 Pharmacopoca.
