3500 5450
867 545 1112 617 -144-

395 766 506 854 tibus,
533 766 700 857 margine
721 765 863 839 ciliatis.
889 764 1020 838 Florcs
1040 764 1200 838 breviter
1224 764 1441 856 pedicellati,
1470 768 1592 858 calyce

394 894 744 986 subcampauulato,
793 892 1134 985 quinque-dentato
1173 892 1386 984 corollaque
1420 893 1593 967 bilabiata

395 1042 505 1093 rosea
525 1020 585 1093 vel
599 1026 904 1113 purpurascente,
930 1021 1142 1111 congregati
1153 1025 1240 1091 snut
1254 1019 1294 1092 in
1310 1020 1433 1113 spicas
1448 1023 1592 1110 breves,

394 1147 545 1236 densas,
568 1147 888 1239 sub-tetragonas
907 1148 1069 1221 bracteis
1099 1147 1258 1239 magnis,
1285 1147 1415 1236 aratia,
1442 1150 1592 1240 glabris,

394 1276 615 1367 plerumque
656 1274 832 1348 violaceis
871 1276 1075 1347 instructas
1115 1279 1152 1347 et
1188 1275 1228 1347 in
1266 1274 1487 1366 corymbum
1524 1282 1592 1348 ter-

395 1403 572 1474 minalem
617 1402 828 1495 dispositas.
872 1402 975 1475 Odor
1021 1403 1162 1491 suavis,
1202 1423 1317 1495 sapor
1353 1404 1591 1490 aromaticus

396 1530 633 1603 subamarns.

502 1691 635 1789 Species
653 1696 870 1767 aromaticae.

633 2204 931 2315 Herba
969 2203 1355 2315 Sabinae.

764 2432 1026 2510 summitates
1051 2431 1234 2509 Sabinae.

505 2628 700 2724 Juaiperus
735 2627 867 2699 Sabina
897 2629 1033 2716 Linn,
1064 2627 1184 2699 frutex
1212 2628 1269 2699 vel
1296 2628 1528 2714 arbusculas
1556 2628 1595 2700 in

396 2756 544 2847 regione
555 2757 718 2830 abietina
734 2762 770 2830 et
784 2756 982 2848 subalpina
997 2756 1169 2849 Europae
1186 2756 1361 2829 centralis
1372 2760 1410 2828 et
1419 2755 1593 2828 australis

396 2889 618 2975 spontanea,
638 2905 715 2957 non
734 2906 819 2956 raro
841 2884 973 2957 cultus.
999 2881 1193 2976 Candauia.
1217 2881 1476 2977 Cupressineae.

505 3029 745 3102 summitates
784 3050 977 3102 ramorum
1016 3028 1154 3118 siccati,
1192 3029 1348 3102 ramulis
1388 3030 1592 3115 coarctatis

396 3154 491 3228 foliis
507 3156 746 3245 brevissimis
762 3177 862 3229 nunc
884 3156 1152 3248 quadrifariam
1172 3155 1460 3243 subimbricatis,
1480 3178 1589 3248 squa-

396 3282 676 3370 maeformibus,
703 3283 909 3371 rlrombeis,
942 3283 1216 3371 obtusiusculis,
1250 3284 1591 3375 erecto-adpressis,

396 3430 496 3481 nunc
521 3411 805 3497 remotiusculis‚
826 3411 977 3502 patulis,
997 3410 1423 3498 rhombeo-lanceolatis,
1458 3413 1591 3483 acumi-

395 3537 506 3624 natis,
518 3539 797 3628 mucronulatiS,
814 3537 1147 3631 subpungentibus
1164 3537 1278 3610 dorso
1295 3559 1463 3611 convexo
1479 3560 1590 3630 prope

395 3663 560 3737 medium
585 3666 764 3756 glandula
784 3665 1096 3757 oblongo-lineari
1117 3665 1303 3758 impressa
1323 3666 1476 3754 notatis,
1504 3665 1589 3739 odo-

394 3791 445 3863 ris
487 3793 613 3883 gravis
648 3792 850 3882 balsamici,
898 3793 1043 3886 saporis
1080 3793 1385 3866 resinoso·amari
1424 3798 1460 3865 et
1498 3793 1584 3865 acri·

395 3917 597 3991 balsamici.

504 4066 621 4140 Caute
641 4089 709 4140 nec
731 4067 829 4141 ultra
849 4089 993 4140 annum
1013 4072 1191 4140 servetur.

506 4213 629 4287 Odore
649 4215 836 4305 debiliora,
857 4215 1014 4287 ramulis
1035 4215 1155 4305 magis
1176 4216 1325 4308 patulis,
1345 4215 1443 4287 foliis
1461 4237 1587 4287 versus

395 4341 607 4415 inferiorem
632 4342 732 4414 dorsi
755 4348 899 4435 partem
927 4343 1105 4434 glandula
1139 4340 1236 4413 ovali
1270 4343 1329 4415 vel
1358 4342 1588 4416 subrotunda

394 4469 595 4556 instructis
616 4469 881 4544 discernuntur
905 4469 1142 4543 summitates
1175 4468 1342 4565 ,lantpert
1368 4468 1589 4564 Vopiaianoe

396 4598 561 4686 (Linn.)‚
587 4598 732 4671 arboris
762 4598 861 4691 apud
891 4619 962 4670 nos
991 4618 1069 4670 non
1094 4618 1180 4669 ram
1212 4597 1344 4685 cultae,
1370 4596 1587 4688 quibuscum

396 4725 588 4799 hincinde
610 4728 845 4799 summitates
867 4724 1028 4799 Sabinae
1049 4724 1337 4799 confunduntur.
