3500 5450
660 606 711 618 -
746 565 820 639 no
855 608 904 618 -
1018 512 1021 518 ’

526 779 678 887 llolia
706 780 1026 888 llosmarini.

289 1035 527 1114 Rormarinus
566 1041 753 1137 <statualis
790 1040 883 1112 Lin
897 1061 952 1129 n,
996 1041 1118 1113 frutex
1157 1040 1195 1112 in
1229 1040 1382 1134 Europa

179 1169 334 1241 australi
349 1168 560 1260 indigenas,
577 1168 676 1263 apud
694 1188 766 1239 nos
786 1188 865 1240 non
883 1189 969 1240 raro
990 1169 1125 1241 cultus.
1147 1167 1325 1241 Labeatae.

288 1329 394 1405 Folia
422 1333 568 1405 sessilia
594 1332 734 1405 siccata
758 1331 924 1418 linearia,
956 1332 1197 1420 subacerosa,
1233 1332 1381 1420 obtusa,

182 1460 347 1551 margine
367 1459 603 1550 integerrimo
624 1461 810 1548 revoluta,
838 1480 1001 1553 superne
1031 1480 1210 1548 convexa,
1239 1459 1381 1550 glabra.

180 1587 304 1660 medio
321 1587 476 1674 sulcata,
487 1586 613 1676 nitida,
621 1587 761 1674 viridia,
773 1607 927 1678 rugosa,
935 1589 1067 1660 subtus
1079 1607 1256 1675 concava,
1266 1607 1381 1659 nervo

180 1714 357 1807 primario
376 1714 622 1807 prominente,
643 1714 807 1786 albo-vel
826 1715 1193 1805 griseo-tomentosa,
1217 1713 1300 1805 pilis
1320 1736 1379 1785 ra·

181 1843 298 1915 mosis
319 1845 356 1914 et
375 1841 563 1933 glandulis
585 1842 754 1928 oleileris,
781 1864 921 1928 crassa,
949 1841 1077 1934 rigida,
1099 1841 1225 1913 odoris
1245 1840 1381 1932 gravia,

183 1969 388 2058 aromatici,
417 1969 688 2062 camphoracei,
718 1968 866 2060 saporis
897 1968 1106 2056 aromatici,
1136 1968 1244 2056 acris,
1278 1989 1380 2041 ama-

182 2097 344 2170 riusculi.

293 2240 463 2337 Spiritus.
491 2225 632 2315 Acetum
648 2244 892 2336 (aromaticum.

577 2732 728 2852 rana
754 2742 989 2853 Salviae.

291 3008 411 3081 Saluio
431 3005 618 3104 fficinalis
650 3005 781 3091 Linn,
802 2958 932 3097 planta
960 3004 1247 3093 mediterranea,
1278 3002 1378 3096 apud

182 3160 253 3212 nos
273 3139 313 3211 in
331 3137 451 3210 bortis
471 3136 686 3227 frequenter
705 3134 815 3206 culta.
837 3130 1016 3204 Lobr'oloe.

290 3300 393 3374 Folia
411 3298 598 3392 petiolata,
619 3296 695 3368 ima
710 3296 820 3387 longe
837 3295 1025 3388 petiolata,
1045 3294 1218 3384 oblonga,
1233 3294 1381 3366 lanceo-

181 3431 258 3502 lata
294 3429 353 3500 vel
387 3427 518 3514 ovalia,
563 3423 725 3516 quinque
755 3423 804 3495 ad
838 3428 985 3515 septem
1011 3422 1229 3494 centimetra
1258 3421 1381 3511 longa,

182 3562 293 3629 acuta
313 3555 371 3628 vel
391 3555 537 3640 obtusa,
567 3551 650 3624 basi
678 3555 885 3639 attenuata,
914 3549 1117 3622 rotundata
1145 3553 1211 3621 aut
1230 3548 1381 3620 subeor·

182 3684 282 3771 data,
315 3681 461 3774 passim
495 3678 712 3767 auriculata,
746 3678 914 3769 margine
949 3678 1151 3763 crenulata,
1185 3673 1381 3766 superficie

182 3809 386 3901 aequaliter
433 3807 605 3881 minutim
643 3826 954 3903 arenoso-rugosa,
995 3804 1097 3876 albo·
1137 3808 1203 3876 aut
1240 3802 1380 3893 griseo·

181 3941 403 4025 tomentosa,
432 3935 491 4007 vel
519 3954 681 4027 superne
702 3934 916 4025 subglabra‚
937 3932 1070 4005 subtus
1099 3931 1383 4023 griseo-tomen-

182 4068 279 4151 tosa,
319 4062 585 4149 crassitscula,
623 4061 748 4133 odoris
788 4060 991 4146 balsamici,
1036 4055 1382 4150 subcampboracei,

184 4191 331 4283 saporis
352 4188 692 4262 amaro-aromatici
712 4193 748 4260 et
768 4187 1047 4278 adstringentis.

291 4318 369 4391 Sub
384 4319 519 4390 llorum
536 4315 684 4388 authesi
700 4314 910 4406 ,colligenda
927 4318 963 4387 et
974 4314 1112 4386 siccata
1123 4312 1381 4392 adhibeantur,

292 4482 409 4577 Aqua.
431 4482 572 4552 Acetum
592 4480 829 4551 aromaticum.
851 4480 958 4574 Aqua
972 4478 1164 4550 aromatica
1178 4475 1380 4569 spirituosa.

183 4609 420 4682 Electuurium
445 4608 684 4679 aromaticum.
712 4605 836 4679 Pulvis
865 4604 1086 4697 dentifricius
1110 4604 1218 4699 asper.
1249 4600 1382 4697 Species

183 4736 404 4810 aromaticae.
