3500 5450
865 531 1108 602 -1oa—

389 749 487 823 ssavo
509 750 631 822 colore
651 749 771 842 tingit.
801 748 946 824 Solutio
976 768 1131 840 aquosa,
1153 748 1280 822 addito
1314 747 1421 820 acido
1451 747 1587 820 acetico

390 877 521 969 diluto,
541 877 795 951 sedimentum
815 876 975 951 demittit
989 877 1127 967 album,
1149 875 1415 968 crystallinum,
1430 874 1469 947 in
1484 876 1586 948 acido

392 1004 679 1097 hydrochlorico
698 1028 769 1079 nec
797 1028 875 1078 non
908 1005 948 1078 in
981 1006 1167 1079 solutione
1199 1004 1286 1077 kalii
1318 1003 1587 1095 hydrooxydati

392 1132 563 1205 solubile.

501 1259 644 1333 Solutio
664 1280 810 1352 aquosa
828 1280 899 1332 nec
920 1280 1020 1350 aqua
1035 1258 1347 1350 hydrosulsurata‚
1363 1280 1433 1331 nec
1448 1280 1586 1331 ammo-

390 1386 454 1459 nio
476 1387 669 1476 sulfurato,
694 1408 764 1460 nec
784 1386 975 1459 ammonio
995 1387 1150 1476 oxalico‚
1170 1407 1316 1478 necque
1337 1386 1464 1459 addito
1484 1387 1586 1459 acido

392 1513 678 1605 hydrochlorico
721 1513 838 1605 baryo
867 1513 999 1586 uitrico
1028 1518 1208 1600 mutatum
1242 1535 1314 1606 ope
1343 1513 1439 1587 acidi
1472 1514 1586 1587 uitrici

392 1641 580 1715 acidulata
613 1645 767 1734 argento
804 1641 937 1713 uitrico
976 1640 1124 1732 adJecto
1161 1642 1422 1714 tantummodo
1459 1641 1587 1714 leniter

390 1769 582 1842 lactescat.

501 1895 563 1969 Sal
602 1917 687 1969 cum
725 1896 923 1984 solutione
955 1895 1042 1969 kalii
1079 1896 1353 1988 hydrooxydati
1390 1896 1585 1969 calefactus

392 2023 622 2096 ammoniam
640 2044 689 2096 ne
710 2025 865 2096 emittat.

500 2149 624 2223 Pulvis
642 2150 855 2246 uelopborus
874 2149 1121 2224 Seidlitzensis.

736 2472 951 2582 llalium
971 2475 1243 2584 uitricum.

769 2702 929 2783 Nitrum
953 2706 1206 2808 depuratum.

498 2898 627 2971 Pulvis
639 2898 876 2990 crystallinus
886 2898 946 2971 vel
957 2899 1120 2991 crystalli
1133 2898 1373 2992 prismaticae
1385 2898 1588 2987 decolores,

391 3026 425 3097 in
448 3032 534 3099 ae're
554 3025 811 3116 persistenleS,
832 3046 934 3117 aqua
951 3025 1122 3098 bullienti
1141 3025 1314 3100 facillime
1334 3026 1525 3099 solubilem

498 3151 642 3229 Solutio
663 3174 819 3246 aquosa,
841 3152 949 3225 acido
969 3151 1144 3225 tantalico
1175 3152 1312 3241 addito,
1338 3152 1588 3227 sedimentum

391 3279 520 3352 album
531 3278 787 3372 crystallinum
799 3279 969 3365 demittit,
983 3278 1113 3350 eadem
1126 3278 1272 3369 adjecto
1284 3278 1382 3352 ferro
1393 3280 1588 3373 pulverato

391 3411 428 3479 et
446 3405 553 3478 acido
578 3405 756 3479 sulfurico
782 3409 1025 3479 concentrato
1058 3426 1219 3499 vapores
1246 3406 1412 3479 nitrosos
1442 3407 1588 3496 evolvit,

392 3532 504 3606 simul
526 3554 570 3604 ac
589 3532 713 3626 liquor
733 3532 856 3606 colore
876 3533 982 3624 nigro
1004 3532 1109 3604 lusco
1130 3532 1246 3606 inficit
1293 3588 1301 3604 .

501 3659 643 3732 Solutio
665 3681 812 3752 aquosa
831 3680 901 3732 nec
921 3680 1021 3751 aqua
1039 3659 1357 3750 hydrosullurata,
1385 3682 1455 3733 nec
1474 3661 1587 3752 baryo

390 3786 522 3859 nitrico
542 3791 718 3875 mutetur,
741 3792 897 3879 argento
918 3786 1049 3859 uitrico
1069 3787 1131 3859 vix
1152 3787 1330 3860 turbetur.

698 4144 913 4253 llalium
941 4146 1289 4256 sulfuratum.
1395 4260 1399 4267 ,

719 4375 859 4476 Hepar
882 4376 1045 4454 sulfuris
1070 4377 1259 4455 kalinum.

390 4572 493 4665 Rpe:
525 4567 684 4647 Salluis
704 4565 875 4669 depurotl
930 4577 1130 4667 yrammota
1152 4572 1409 4667 quinquaqinta
1539 4573 1587 4645 50

528 4692 823 4776 Kalilcurbonlci
839 4695 921 4797 puri
977 4705 1176 4796 ornaturam
1195 4705 1337 4771 rentum.
1514 4701 1588 4772 100
