3500 5450
880 535 1116 606 -126-

394 747 545 841 longius
561 750 789 836 rostellatas,
819 751 901 824 basi
921 751 1175 844 pedicellataS,
1195 752 1401 845 pericarpio
1422 758 1529 825 extus
1550 776 1592 825 ex

395 877 520 969 griseo
539 880 657 951 fusco.

505 1009 686 1080 Dccoclum
721 1005 986 1102 Sorsoparillae
1018 1007 1237 1102 compositum
1271 1007 1402 1078 naitico.
1440 1003 1597 1102 Spiritus

394 1136 615 1207 aromaticus.
641 1134 810 1207 Tinctum
830 1134 917 1207 [tici
939 1135 1064 1207 vinosa
1085 1133 1237 1206 Dorelli.

778 1382 1006 1491 Fructus
1034 1381 1210 1492 Corvi.

510 1569 642 1641 Carum
669 1568 777 1641 Carni
799 1569 851 1658 L.‚
880 1570 1012 1663 planta
1040 1570 1186 1644 biennis
1214 1570 1399 1662 indigena,
1420 1570 1459 1643 in
1478 1571 1595 1663 pratis

395 1697 573 1789 frequens
594 1702 631 1770 et
649 1697 760 1770 culta.
789 1695 1034 1792 lintelliserae.

506 1823 767 1916 Schizocarpia
798 1825 910 1917 plane
929 1830 1077 1899 matura
1102 1825 1250 1914 siccata,
1272 1824 1405 1916 ovalia,
1437 1825 1594 1898 alatcre

396 1952 504 2025 valde
525 1973 753 2044 compressa,
781 1958 942 2045 quatuor
970 1953 1018 2024 ad
1049 1953 1214 2046 quinque
1234 1952 1448 2026 millimelra
1467 1951 1592 2044 longa,

395 2079 526 2162 laevia,
546 2079 687 2170 glabra,
708 2081 928 2172 plerumque
958 2081 1142 2173 separatis
1161 2079 1389 2172 mericaipiis
1411 2080 1592 2169 angustis,

395 2207 570 2299 utrinque
590 2206 802 2296 attenuatis
833 2208 1004 2296 arcuatis,
1034 2208 1148 2281 costis
1175 2207 1397 2300 aequalibus
1417 2205 1593 2279 filifonni-

396 2334 479 2422 bus,
515 2333 651 2405 albidis
673 2338 709 2406 et
728 2335 920 2407 valleculis
941 2335 1037 2424 latis,
1066 2335 1192 2423 fuscis
1221 2333 1436 2421 univittatis,
1466 2332 1594 2405 odoris

396 2460 594 2552 peculiaris
615 2462 817 2550 aromatici,
837 2463 983 2554 saporis
1005 2460 1400 2535 acri-condimentarii.

506 2587 560 2659 Sit
580 2595 762 2681 quantum
782 2590 860 2661 fieri
875 2596 1001 2682 potest
1011 2589 1196 2683 stipitibus
1209 2590 1365 2682 aliisque
1385 2587 1593 2681 quisquiliis

400 2715 503 2789 liber.

511 2840 679 2938 Spiritus.
701 2846 807 2942 Aqua
826 2848 1072 2919 carminaticc.

618 3132 841 3241 hactus
870 3132 1091 3241 Cassiae
1119 3132 1375 3241 llistnlac.

511 3319 640 3391 Cassia
660 3319 799 3392 Fistula
819 3320 957 3409 Linn,
978 3321 1088 3394 arbor
1107 3320 1145 3393 in
1174 3320 1281 3394 India
1309 3319 1479 3394 orientali
1499 3320 1591 3393 indi·

397 3466 504 3536 gena,
526 3446 564 3517 in
579 3447 793 3538 regionibus
814 3448 943 3521 calidis
963 3448 1141 3541 plantata.
1162 3446 1424 3543 Lepuminosae.
1452 3447 1592 3520 Cczesal·

391 3573 571 3669 pinaccoe.

504 3700 711 3792 Legumina
729 3702 930 3793 cylindrica
948 3701 1230 3794 indehisccntia,
1250 3703 1320 3776 tria
1340 3700 1388 3775 ad
1409 3725 1475 3775 sex
1496 3699 1592 3775 deci·

397 3828 785 3920 metralonga,unu1n
801 3835 837 3902 et
851 3829 1043 3903 dimidium
1057 3852 1178 3922 usque
1195 3831 1243 3903 ad
1260 3830 1334 3902 duo
1350 3836 1386 3902 et
1401 3829 1593 3902 dimidium

397 3954 1593 4050 centimetracrassa,pericarpiolignoso,extusfusco-nigricanti,

397 4081 523 4170 nitido,
541 4082 647 4173 laevi,
663 4083 764 4157 intus
780 4085 896 4177 septis
912 4085 1136 4158 transversis
1153 4084 1423 4158 orbicularibns
1438 4081 1593 4175 lignosis

397 4208 435 4282 in
460 4209 603 4283 loculos
628 4210 809 4303 plurimos
834 4233 1133 4304 monospernios‚
1154 4212 1308 4305 pulpam
1331 4216 1463 4299 atrani,
1490 4216 1591 4282 tena-

397 4358 489 4425 cem,
510 4337 657 4429 saporis
677 4337 795 4410 dulcis
816 4338 1061 4426 continentes,
1081 4340 1212 4413 divisa.

506 4464 734 4554 Rejiciantur
752 4465 942 4556 legumina
956 4466 1072 4559 pulpa
1088 4467 1248 4556 mucida,
1268 4467 1421 4540 insectis
1441 4487 1594 4539 corrosa

395 4598 459 4665 eut
480 4592 592 4665 nimis
612 4593 808 4666 exsiccata.

422 4726 424 4731 ’
506 4719 636 4815 Pulpa.
