3500 5450
688 559 926 630 -115-

205 776 415 870 perpusillis
445 776 589 866 albidis,
620 777 859 850 solummodo
893 778 964 849 sub
997 777 1096 851 lente
1124 779 1236 871 plane
1266 777 1404 851 destin-

205 905 372 996 guendis‚
394 925 609 998 conspersa,
630 903 775 996 saporis
796 904 1047 992 amariusculi,
1067 905 1246 978 subacris.

313 1031 419 1105 Folia
438 1053 458 1105 e
476 1032 607 1125 planta
620 1031 783 1105 florifera
807 1030 1055 1123 decerpenda,
1076 1033 1147 1106 cito
1169 1032 1349 1106 siccanda
1368 1039 1405 1106 et

204 1159 242 1231 in
253 1181 343 1233 vase
357 1160 451 1233 bene
468 1159 596 1232 clauso
613 1163 721 1232 caute
733 1157 937 1246 servanda;
957 1160 1159 1253 quotannis
1173 1161 1402 1234 renovanda.

313 1284 527 1360 Patroclum.
550 1285 729 1358 Tinctum.

639 1753 791 1862 llolia
819 1752 976 1862 Cora.

312 1994 572 2093 Erylhroxyloa
596 1994 686 2069 Coro
705 1996 1060 2085 Lamarck‚frutex
1076 2001 1209 2089 sponte
1230 2018 1404 2070 crescens

205 2130 245 2197 et
263 2125 385 2198 cultus
404 2125 442 2196 in
460 2124 619 2197 Peruvia
638 2129 675 2197 et
693 2123 845 2196 Bolivia.
866 2122 1190 2220 Erptlrorploceoe.

314 2252 417 2324 Folia
436 2254 576 2326 siccata
594 2252 781 2346 petiolata,
809 2252 942 2339 oralia,
973 2251 1134 2325 obovata
1153 2251 1212 2325 vel
1231 2251 1403 2342 oblonga,

205 2380 368 2472 quinque
389 2381 438 2452 ad
453 2402 519 2453 sex
535 2379 749 2453 centimetra
768 2379 892 2471 longa,
908 2384 1138 2466 mucronata,
1155 2377 1403 2470 integerrima,

203 2506 341 2595 tenuia,
352 2506 483 2599 rigida,
495 2508 650 2598 fragilia,
660 2527 823 2599 superne
834 2505 983 2579 sordide
998 2506 1142 2595 viridia,
1154 2505 1287 2578 subtus
1297 2503 1402 2596 palli·

204 2633 320 2721 diora,
331 2633 511 2726 pruinosa
521 2640 558 2707 et
571 2634 680 2727 plura
693 2633 877 2706 instructa
888 2633 1035 2706 duabus
1050 2632 1288 2727 epidermidis
1298 2631 1404 2725 plicis

203 2761 419 2849 linearibus
443 2767 569 2835 tantos
598 2783 737 2834 nervos
762 2761 937 2834 laterales
966 2766 1140 2834 arcuatos
1173 2759 1403 2832 imitantibus

204 2910 436 2982 nervumque
455 2890 673 2982 primarium
693 2911 716 2962 a
734 2890 815 2962 basi
835 2910 956 2982 usque
976 2889 1016 2961 in
1034 2888 1110 2961 folii
1130 2888 1273 2980 apicem
1293 2887 1404 2960 comi·

117 3036 122 3045 ·
204 3019 386 3105 tantibuS‚
421 3017 547 3090 odoris
578 3015 708 3090 debilis
738 3016 943 3106 aromatici,
972 3016 1118 3108 saporis
1139 3015 1405 3088 amariusculo-

206 3144 387 3218 subacris

448 3614 693 3727 roera
733 3553 1161 3751 vaporans.

315 3852 489 3950 Dipitolis
502 3877 682 3949 purpureo
696 3855 831 3942 Lino„
846 3854 976 3947 planta
990 3854 1147 3942 biennis,
1163 3854 1200 3925 in
1216 3852 1406 3925 montibus

207 3982 341 4075 apricis
360 3981 532 4074 Europae
552 3981 791 4055 occidentalis
807 3987 940 4075 sponte
956 4002 1141 4068 crescens,
1161 3980 1261 4072 apud
1278 4001 1348 4052 nos
1368 3979 1407 4052 in

207 4109 325 4182 hortis
344 4108 643 4201 frequentissime
663 4109 773 4180 culta.
794 4105 1132 4201 Scropbulorioceoa

316 4234 419 4307 Folia
437 4238 551 4306 ovata
578 4235 636 4307 vel
665 4234 986 4325 ovato-oblonga,
1015 4234 1143 4306 inlima
1171 4234 1209 4306 in
1227 4234 1408 4326 petiolum

207 4363 362 4454 longum
381 4361 521 4434 alatum
539 4362 781 4450 decurrentia,
802 4383 924 4453 usque
936 4362 984 4432 ad
996 4361 1194 4433 decirnetra
1203 4361 1273 4435 tria
1282 4361 1406 4453 longa,

208 4487 403 4580 superiora
417 4488 574 4583 minora,
585 4489 744 4562 breviter
757 4489 934 4583 petiolata
949 4494 1015 4562 aut
1028 4488 1188 4578 sessilia,
1209 4489 1337 4561 omnia
1354 4488 1407 4560 in·

207 4616 413 4708 aequaliter
450 4618 515 4687 aut
552 4614 994 4708 subduplicato-crenata,
1022 4615 1407 4705 reticulato-venosa,

206 4763 358 4837 rugosa,
378 4741 503 4815 nervis
522 4742 695 4816 tertiariis
715 4764 831 4838 prope
855 4743 1010 4837 paribus
1029 4742 1232 4816 intervallis
1252 4742 1350 4815 inter
1368 4763 1408 4817 se

1153 4879 1189 4932 ΒΦ
