3500 5450
891 524 1109 597 -16-

892 734 1107 846 Aether.

508 920 648 1013 Liquor
662 921 848 1015 limpiduS,
869 923 1030 1012 decolor,
1050 924 1255 998 admodum
1269 926 1457 1015 volubilis²
1473 925 1612 1000 odoris

398 1049 616 1140 peculiaria,
653 1052 828 1144 ponderis
871 1051 1035 1143 specifiei
1068 1051 1203 1142 ΟΜ,
1256 1053 1379 1126 calore
1415 1053 1609 1127 34-360

401 1175 541 1249 ebullit.

508 1302 695 1378 Volumen
705 1327 824 1379 unum
835 1328 968 1400 aquae,
979 1306 1114 1380 additis
1125 1306 1268 1398 aliquot
1279 1308 1394 1398 guttis
1405 1307 1614 1381 solutionis

401 1430 525 1504 laetae
541 1434 673 1522 musei,
689 1455 776 1507 cum
796 1435 944 1527 aequali
959 1434 1149 1507 volumine
1164 1435 1339 1508 Aetheris
1360 1436 1615 1509 vehementer

401 1568 711 1653 conquassatum,
727 1584 774 1636 ne
789 1564 876 1656 plus
892 1584 1007 1656 quam
1022 1563 1167 1636 decima
1181 1568 1288 1656 parte
1300 1569 1491 1655 augeatur,
1507 1585 1613 1635 neve

400 1694 503 1768 color
522 1693 605 1784 ejus
626 1692 822 1764 caeruleus
843 1691 882 1764 in
901 1691 1059 1765 rubrum
1078 1695 1253 1763 mutetur.

510 1820 650 1893 Charta
683 1819 819 1907 bibula,
839 1818 1002 1892 Aethere
1036 1818 1190 1907 imbuta,
1218 1841 1265 1892 ne
1303 1819 1483 1912 praebeat
1510 1824 1613 1913 posi

399 1949 573 2023 Aetheris
595 1948 901 2041 evaporationem
921 1947 1076 2020 odorem
1096 1946 1168 2020 olei
1188 1948 1265 2019 vini
1280 1946 1340 2020 vel
1358 1948 1613 2021 fennentolei.

510 2078 687 2150 Servetur
704 2075 743 2147 in
762 2074 866 2147 vasis
887 2074 1025 2166 optime
1048 2073 1185 2147 clausis
1206 2074 1289 2148 loeo
1309 2072 1455 2165 frigido.

509 2202 665 2299 Spiritus
684 2201 855 2275 Aetlmvs.

762 2486 959 2597 Aether
986 2489 1241 2596 orations.

513 2680 655 2772 Liquor
673 2677 862 2772 limpidus,
884 2676 1045 2765 decolor,
1064 2676 1192 2750 odoris
1211 2676 1411 2770 peculiaris
1431 2699 1613 2752 recrean-

402 2809 462 2900 tis,
511 2808 622 2900 plane
660 2805 839 2894 volatiliS,
886 2804 1066 2897 ponderis
1115 2806 1280 2898 specifici
1318 2808 1430 2896 0·90,
1478 2807 1612 2880 calore

403 2936 586 3008 ici-760
624 2934 762 3021 ebullit,
795 2933 835 3005 in
868 2931 1002 3024 spiritu
1035 2931 1113 3004 vini
1147 2953 1265 3024 aeque
1300 2955 1343 3006 ac
1377 2935 1416 3006 in
1450 2934 1610 3007 aethere

402 3063 536 3155 quavis
556 3062 796 3156 proportione
815 3058 1044 3132 miscendus,

510 3190 695 3262 Volumen
710 3209 831 3280 aquae
847 3208 934 3260 cum
954 3187 1103 3278 aequali
1121 3188 1310 3260 volumine
1325 3189 1498 3263 Aetheris
1518 3212 1606 3262 ace-

401 3320 462 3392 tici
482 3318 649 3406 mixtum,
680 3314 973 3407 conquassanda
997 3334 1045 3387 ne
1073 3315 1160 3408 plus
1188 3338 1304 3407 quam
1331 3316 1477 3389 decima
1495 3323 1608 3410 parte

402 3452 594 3538 augeatur.
615 3444 754 3517 Addita
774 3443 962 3516 solutione
982 3444 1107 3517 lancae
1127 3445 1251 3516 musci
1281 3445 1384 3517 color
1403 3447 1608 3519 caeruleus

348 3661 349 3664 Ἴ
401 3598 448 3647 ne
468 3574 595 3647 statim
614 3574 652 3646 in
671 3575 829 3646 rubrum
849 3576 1022 3645 mutetur.

511 3701 685 3775 Servetur
704 3701 742 3773 in
761 3701 863 3772 vasis
884 3699 1022 3792 optime
1043 3700 1185 3773 clausis
1206 3701 1290 3774 loeo
1310 3700 1454 3792 frigide.

892 3981 1108 4100 Aloie‘.

511 4177 599 4247 Aloe·
614 4174 714 4268 feror
742 4173 923 4260 Miller,
953 4173 1046 4245 Aloe·
1068 4173 1199 4268 spirutu
1227 4173 1483 4262 Haworth,
1516 4174 1612 4245 Aloe·

401 4303 557 4401 vulparia
591 4299 832 4373 Lamarelr
871 4305 908 4373 et
942 4301 1036 4372 aliae
1070 4299 1171 4371 Aba
1209 4300 1354 4392 speeies
1394 4299 1604 4393 CapenseS.

401 4430 584 4504 In'lioreoe.

511 4556 728 4630 Substantia
747 4555 1045 4643 extractiiormi8‚
1066 4577 1085 4628 e
1102 4555 1198 4628 foliis
1212 4561 1451 4649 praeparata,
1466 4577 1602 4629 occur·

401 4687 447 4760 rit
494 4687 533 4758 in
577 4685 716 4758 massis
755 4689 863 4756 extus
902 4705 922 4756 e
961 4683 1137 4755 subviridi
1181 4684 1339 4757 obscure
1377 4683 1494 4756 fuscis
1534 4691 1607 4759 aut
