3500 5450
880 533 1116 605 —228-

395 750 544 841 crassis
565 751 761 842 superficie
779 771 928 842 rugosa,
948 749 1065 823 fusca,
1087 748 1208 823 Sectio
1229 755 1446 821 transversa
1459 748 1596 822 radicis

395 878 526 969 durae,
536 878 865 969 resinosa-nitens,
882 877 1031 951 exhibet
1045 881 1204 950 stratum
1217 877 1389 949 corticale
1401 881 1460 948 sat
1470 876 1596 963 latum,

394 1027 440 1077 ex
469 1006 592 1079 albido
622 1007 850 1095 luscescens,
880 1005 1048 1098 pluribus
1079 1005 1322 1098 receptaculis
1350 1004 1596 1077 balsamiseris

394 1132 609 1206 atro-fuscis
629 1137 850 1225 punctatum
870 1138 908 1207 et
925 1134 1068 1225 lignum
1087 1154 1219 1225 grosse
1239 1131 1410 1205 radiatim
1423 1137 1594 1205 notatum

394 1259 581 1333 fasciculis
597 1260 756 1351 lignosis
772 1261 942 1354 augustis
959 1260 1136 1333 subflavis
1148 1265 1184 1333 et
1199 1259 1314 1332 radiis
1330 1259 1594 1333 medullaribus

393 1387 598 1479 latioribus
611 1408 657 1460 ex
667 1387 792 1461 albido
804 1387 947 1481 griseis
959 1387 1084 1460 itidem
1094 1387 1337 1479 receptaculis
1349 1387 1593 1460 balsamiseris

393 1514 599 1589 instructis

502 1660 636 1749 Radix,
657 1682 703 1733 ex
720 1666 798 1734 toto
815 1662 939 1754 amylo
961 1683 1105 1749 carens,
1128 1664 1186 1734 est
1204 1661 1378 1747 inodora;
1399 1660 1593 1732 masticata

395 1788 653 1861 sensatiouem
700 1788 776 1860 iere
807 1789 1011 1861 causticam
1040 1788 1222 1882 producit,
1253 1788 1409 1860 salivam
1444 1788 1592 1879 copiose

394 1935 508 1989 elenS.

507 2061 675 2134 Tinctum
695 2060 893 2157 Spiluuthis
912 2062 1114 2157 compositu.

731 2492 907 2601 lladix
932 2492 1257 2602 llatanbiae.

503 2715 695 2790 Krameria
716 2715 881 2790 triuudro
905 2717 1018 2791 Ruiz
1039 2722 1075 2790 et
1094 2716 1255 2808 Pavou,
1285 2717 1414 2810 planta
1434 2717 1593 2791 suffrati-

394 2867 484 2918 cosa
508 2844 547 2917 iu
570 2844 729 2918 Peruvia
748 2866 936 2918 crescens.
958 2844 1218 2942 Lepuminoscc.
1248 2843 1540 2938 uaesapinaceae.

502 2989 664 3065 Radices
684 2992 866 3083 lignosae,
887 2991 1028 3082 longae,
1062 2990 1137 3063 imo
1166 2988 1421 3080 longissimae,
1451 3011 1543 3081 quae
1572 3013 1594 3063 a

394 3123 526 3189 trunco
548 3119 743 3210 crassiore,
764 3118 924 3210 nodosa,
944 3117 1158 3209 multicipite
1179 3116 1593 3208 oriuntur,cylindricae,

395 3247 596 3334 flexuosae,
626 3246 672 3319 ad
702 3267 819 3318 unum
849 3250 886 3318 et
913 3244 1105 3317 dimidium
1145 3244 1406 3317 centimetrum
1439 3266 1593 3334 crassae,

395 3372 529 3446 cortice
549 3372 877 3466 facileseparabili,
898 3379 1006 3445 extus
1023 3372 1183 3445 obscure
1205 3372 1346 3443 esusco
1366 3371 1490 3458 rubra,
1510 3373 1592 3443 sub-

395 3499 535 3591 glabro,
571 3501 785 3592 subrugoso
823 3501 881 3582 vel
921 3501 1144 3589 subrimat0,
1179 3500 1217 3571 in
1245 3499 1410 3570 fractura
1437 3498 1593 3592 breviter

395 3627 546 3717 fibros0,
576 3629 722 3720 saporis
743 3629 851 3700 valde
871 3627 1147 3718 adstringentis,
1178 3625 1378 3699 subamari.

504 3770 546 3844 In
577 3773 743 3845 sectione
772 3777 990 3845 transversa
1017 3773 1159 3864 lignum
1189 3775 1434 3862 compactum,
1464 3770 1589 3843 ochro-

394 3899 543 3972 leucum
564 3901 624 3972 vel
644 3899 975 3987 subrubicundum,
1010 3898 1124 3973 radiis
1154 3897 1422 3971 medullaribus
1451 3898 1590 3970 subtili·

398 4026 482 4117 buS,
503 4025 739 4099 densissimis
770 4031 806 4098 et
835 4027 984 4100 orificiis
1013 4047 1190 4100 vasorum
1220 4025 1362 4115 exiguis
1382 4025 1590 4098 numerosis

396 4157 579 4242 ornatum,
597 4151 866 4225 circumdatum
883 4159 942 4226 est
957 4155 1090 4227 cortice
1111 4153 1252 4226 efusco
1271 4152 1393 4239 rubro,
1414 4152 1590 4244 sexduplo

395 4279 573 4353 tenuiore.

502 4424 625 4497 Radix
650 4425 785 4497 cortice
815 4424 947 4497 orbata
975 4446 1094 4517 aeque
1124 4447 1167 4498 ac
1196 4425 1302 4499 radix
1322 4423 1478 4497 aliarum
1500 4420 1588 4493 Kra-

395 4552 527 4624 meriaa
546 4551 755 4645 specierum
773 4550 937 4623 vitanda.

504 4696 723 4769 Extractum.
749 4696 929 4769 Tinctum.
