<?xml version="1.0" encoding="UTF-8"?>
<!DOCTYPE html PUBLIC "-//W3C//DTD XHTML 1.0 Transitional//EN"
    "http://www.w3.org/TR/xhtml1/DTD/xhtml1-transitional.dtd">
<html xmlns="http://www.w3.org/1999/xhtml" xml:lang="en" lang="en">
 <head>
  <title>
</title>
<meta http-equiv="Content-Type" content="text/html;charset=utf-8" />
  <meta name='ocr-system' content='tesseract 3.04.00' />
  <meta name='ocr-capabilities' content='ocr_page ocr_carea ocr_par ocr_line ocrx_word'/>
</head>
<body>
  <div class='ocr_page' id='page_1' title='image "./pharmacopoeaaus02unkngoog_0069.png"; bbox 0 0 3500 5450; ppageno 0'>
   <div class='ocr_carea' id='block_1_1' title="bbox 635 545 848 617">
    <p class='ocr_par' dir='ltr' id='par_1_1' title="bbox 635 545 848 617">
     <span class='ocr_line' id='line_1_1' title="bbox 635 545 848 617; baseline -0.009 -21"><span class='ocrx_word' id='word_1_1' title='bbox 635 545 848 617; x_wconf 73' lang='lat'>..45-</span> 
     </span>
    </p>
   </div>
   <div class='ocr_carea' id='block_1_2' title="bbox 575 753 913 872">
    <p class='ocr_par' dir='ltr' id='par_1_2' title="bbox 575 753 913 872">
     <span class='ocr_line' id='line_1_2' title="bbox 575 753 913 872; baseline 0.021 -8"><span class='ocrx_word' id='word_1_2' title='bbox 575 755 739 864; x_wconf 87' lang='lat' dir='ltr'>Bolus</span> <span class='ocrx_word' id='word_1_3' title='bbox 767 753 913 872; x_wconf 85' lang='lat' dir='ltr'>albu.</span> 
     </span>
    </p>
   </div>
   <div class='ocr_carea' id='block_1_3' title="bbox 138 978 1341 1587">
    <p class='ocr_par' dir='ltr' id='par_1_3' title="bbox 138 978 1341 1311">
     <span class='ocr_line' id='line_1_3' title="bbox 247 978 1341 1073; baseline -0.005 -19"><span class='ocrx_word' id='word_1_4' title='bbox 247 983 374 1054; x_wconf 87' lang='lat' dir='ltr'>Massa</span> <span class='ocrx_word' id='word_1_5' title='bbox 392 987 524 1070; x_wconf 85' lang='lat' dir='ltr'>terrea,</span> <span class='ocrx_word' id='word_1_6' title='bbox 545 981 640 1069; x_wconf 86' lang='lat' dir='ltr'>alba,</span> <span class='ocrx_word' id='word_1_7' title='bbox 661 981 910 1073; x_wconf 87' lang='lat' dir='ltr'>impellucida,</span> <span class='ocrx_word' id='word_1_8' title='bbox 929 978 1095 1068; x_wconf 70' lang='lat' dir='ltr'>friabilis</span> <span class='ocrx_word' id='word_1_9' title='bbox 1125 978 1341 1050; x_wconf 86' lang='lat' dir='ltr'>humectata</span> 
     </span>
     <span class='ocr_line' id='line_1_4' title="bbox 140 1107 1339 1202; baseline -0.004 -20"><span class='ocrx_word' id='word_1_10' title='bbox 140 1110 337 1198; x_wconf 90' lang='lat' dir='ltr'>subtenax,</span> <span class='ocrx_word' id='word_1_11' title='bbox 361 1109 400 1182; x_wconf 92' lang='lat' dir='ltr'>in</span> <span class='ocrx_word' id='word_1_12' title='bbox 421 1131 521 1202; x_wconf 88' lang='lat' dir='ltr'>aqua</span> <span class='ocrx_word' id='word_1_13' title='bbox 540 1109 680 1182; x_wconf 87' lang='lat' dir='ltr'>sensim</span> <span class='ocrx_word' id='word_1_14' title='bbox 700 1109 738 1183; x_wconf 91' lang='lat' dir='ltr'>in</span> <span class='ocrx_word' id='word_1_15' title='bbox 752 1109 948 1202; x_wconf 86' lang='lat' dir='ltr'>pulverem</span> <span class='ocrx_word' id='word_1_16' title='bbox 968 1107 1138 1181; x_wconf 90' lang='lat' dir='ltr'>dilabens</span> <span class='ocrx_word' id='word_1_17' title='bbox 1157 1126 1227 1178; x_wconf 89' lang='lat' dir='ltr'>uec</span> <span class='ocrx_word' id='word_1_18' title='bbox 1249 1126 1339 1179; x_wconf 85' lang='lat' dir='ltr'>vero</span> 
     </span>
     <span class='ocr_line' id='line_1_5' title="bbox 138 1238 316 1311; baseline 0.006 -1"><span class='ocrx_word' id='word_1_19' title='bbox 138 1238 316 1311; x_wconf 85' lang='lat' dir='ltr'>solubilis.</span> 
     </span>
    </p>

    <p class='ocr_par' dir='ltr' id='par_1_4' title="bbox 140 1365 1340 1587">
     <span class='ocr_line' id='line_1_6' title="bbox 251 1365 1340 1459; baseline 0 -21"><span class='ocrx_word' id='word_1_20' title='bbox 251 1367 368 1440; x_wconf 82' lang='lat' dir='ltr'>Acido</span> <span class='ocrx_word' id='word_1_21' title='bbox 398 1365 685 1459; x_wconf 88' lang='lat' dir='ltr'>hydrocblorico</span> <span class='ocrx_word' id='word_1_22' title='bbox 713 1367 915 1458; x_wconf 80' lang='lat' dir='ltr'>superfuso</span> <span class='ocrx_word' id='word_1_23' title='bbox 940 1388 988 1439; x_wconf 91' lang='lat' dir='ltr'>ne</span> <span class='ocrx_word' id='word_1_24' title='bbox 1008 1368 1225 1440; x_wconf 77' lang='lat' dir='ltr'>effervescat</span> <span class='ocrx_word' id='word_1_25' title='bbox 1244 1386 1340 1438; x_wconf 91' lang='lat' dir='ltr'>neve</span> 
     </span>
     <span class='ocr_line' id='line_1_7' title="bbox 140 1495 856 1587; baseline 0.001 -20"><span class='ocrx_word' id='word_1_26' title='bbox 140 1515 239 1585; x_wconf 89' lang='lat' dir='ltr'>aqua</span> <span class='ocrx_word' id='word_1_27' title='bbox 258 1499 463 1587; x_wconf 83' lang='lat' dir='ltr'>expurgata</span> <span class='ocrx_word' id='word_1_28' title='bbox 484 1516 640 1568; x_wconf 82' lang='lat' dir='ltr'>arenam</span> <span class='ocrx_word' id='word_1_29' title='bbox 658 1495 856 1587; x_wconf 86' lang='lat' dir='ltr'>relinquat.</span> 
     </span>
    </p>
   </div>
   <div class='ocr_carea' id='block_1_4' title="bbox 518 1869 964 1989">
    <p class='ocr_par' dir='ltr' id='par_1_5' title="bbox 518 1869 964 1989">
     <span class='ocr_line' id='line_1_8' title="bbox 518 1869 964 1989; baseline 0.02 -10"><span class='ocrx_word' id='word_1_30' title='bbox 518 1870 723 1979; x_wconf 87' lang='lat' dir='ltr'>Bulbus</span> <span class='ocrx_word' id='word_1_31' title='bbox 750 1869 964 1989; x_wconf 85' lang='lat' dir='ltr'>Scillac.</span> 
     </span>
    </p>
   </div>
   <div class='ocr_carea' id='block_1_5' title="bbox 136 2093 1336 2316">
    <p class='ocr_par' dir='ltr' id='par_1_6' title="bbox 136 2093 1336 2316">
     <span class='ocr_line' id='line_1_9' title="bbox 247 2093 1336 2188; baseline 0 -21"><span class='ocrx_word' id='word_1_32' title='bbox 247 2093 354 2167; x_wconf 78' lang='lat' dir='ltr'>Scilla</span> <span class='ocrx_word' id='word_1_33' title='bbox 372 2097 553 2167; x_wconf 76' lang='lat' dir='ltr'>maritima</span> <span class='ocrx_word' id='word_1_34' title='bbox 581 2095 727 2184; x_wconf 79' lang='lat' dir='ltr'>Linn,</span> <span class='ocrx_word' id='word_1_35' title='bbox 756 2097 888 2188; x_wconf 84' lang='lat' dir='ltr'>planta</span> <span class='ocrx_word' id='word_1_36' title='bbox 908 2096 1070 2169; x_wconf 90' lang='lat' dir='ltr'>bulbosa</span> <span class='ocrx_word' id='word_1_37' title='bbox 1098 2097 1136 2168; x_wconf 91' lang='lat' dir='ltr'>in</span> <span class='ocrx_word' id='word_1_38' title='bbox 1164 2095 1336 2169; x_wconf 86' lang='lat' dir='ltr'>litoribus</span> 
     </span>
     <span class='ocr_line' id='line_1_10' title="bbox 136 2221 1035 2316; baseline 0.001 -21"><span class='ocrx_word' id='word_1_39' title='bbox 136 2221 308 2316; x_wconf 85' lang='lat' dir='ltr'>Europae</span> <span class='ocrx_word' id='word_1_40' title='bbox 329 2222 621 2296; x_wconf 76' lang='lat' dir='ltr'>mediterraneae</span> <span class='ocrx_word' id='word_1_41' title='bbox 641 2225 830 2316; x_wconf 78' lang='lat' dir='ltr'>frequens,</span> <span class='ocrx_word' id='word_1_42' title='bbox 850 2222 1035 2296; x_wconf 67' lang='lat' dir='ltr'>[sittacene.</span> 
     </span>
    </p>
   </div>
   <div class='ocr_carea' id='block_1_6' title="bbox 134 2368 1347 3482">
    <p class='ocr_par' dir='ltr' id='par_1_7' title="bbox 135 2368 1337 3102">
     <span class='ocr_line' id='line_1_11' title="bbox 246 2368 1336 2460; baseline -0.001 -19"><span class='ocrx_word' id='word_1_43' title='bbox 246 2368 413 2442; x_wconf 83' lang='lat' dir='ltr'>Tunicae</span> <span class='ocrx_word' id='word_1_44' title='bbox 428 2368 532 2442; x_wconf 92' lang='lat' dir='ltr'>bulbi</span> <span class='ocrx_word' id='word_1_45' title='bbox 546 2369 717 2458; x_wconf 72' lang='lat' dir='ltr'>recentis</span> <span class='ocrx_word' id='word_1_46' title='bbox 733 2374 915 2444; x_wconf 86' lang='lat' dir='ltr'>autumno</span> <span class='ocrx_word' id='word_1_47' title='bbox 931 2371 1084 2460; x_wconf 80' lang='lat' dir='ltr'>collecti,</span> <span class='ocrx_word' id='word_1_48' title='bbox 1095 2369 1336 2444; x_wconf 75' lang='lat' dir='ltr'>intermediae</span> 
     </span>
     <span class='ocr_line' id='line_1_12' title="bbox 136 2496 1337 2590; baseline 0.002 -22"><span class='ocrx_word' id='word_1_49' title='bbox 136 2496 274 2588; x_wconf 85' lang='lat' dir='ltr'>pallide</span> <span class='ocrx_word' id='word_1_50' title='bbox 320 2497 572 2590; x_wconf 81' lang='lat' dir='ltr'>rubiginosae,</span> <span class='ocrx_word' id='word_1_51' title='bbox 612 2519 808 2587; x_wconf 87' lang='lat' dir='ltr'>carnosae,</span> <span class='ocrx_word' id='word_1_52' title='bbox 848 2498 1337 2590; x_wconf 79' lang='lat' dir='ltr'>viscosa-mucilaginosae,</span> 
     </span>
     <span class='ocr_line' id='line_1_13' title="bbox 135 2623 1336 2717; baseline 0 -22"><span class='ocrx_word' id='word_1_53' title='bbox 135 2623 283 2715; x_wconf 84' lang='lat' dir='ltr'>rejectis</span> <span class='ocrx_word' id='word_1_54' title='bbox 314 2624 462 2699; x_wconf 80' lang='lat' dir='ltr'>extimis</span> <span class='ocrx_word' id='word_1_55' title='bbox 491 2626 618 2716; x_wconf 90' lang='lat' dir='ltr'>aridis,</span> <span class='ocrx_word' id='word_1_56' title='bbox 639 2626 857 2715; x_wconf 65' lang='lat' dir='ltr'>chartaceis</span> <span class='ocrx_word' id='word_1_57' title='bbox 878 2626 1128 2700; x_wconf 83' lang='lat' dir='ltr'>rubro-fuscis</span> <span class='ocrx_word' id='word_1_58' title='bbox 1149 2646 1267 2717; x_wconf 88' lang='lat' dir='ltr'>aeque</span> <span class='ocrx_word' id='word_1_59' title='bbox 1293 2646 1336 2696; x_wconf 86' lang='lat' dir='ltr'>ac</span> 
     </span>
     <span class='ocr_line' id='line_1_14' title="bbox 136 2751 1335 2845; baseline 0.003 -22"><span class='ocrx_word' id='word_1_60' title='bbox 136 2751 305 2839; x_wconf 73' lang='lat' dir='ltr'>internis</span> <span class='ocrx_word' id='word_1_61' title='bbox 320 2752 535 2845; x_wconf 88' lang='lat' dir='ltr'>placentam</span> <span class='ocrx_word' id='word_1_62' title='bbox 551 2752 814 2843; x_wconf 69' lang='lat' dir='ltr'>ambientibus</span> <span class='ocrx_word' id='word_1_63' title='bbox 831 2755 1018 2844; x_wconf 89' lang='lat' dir='ltr'>concisae,</span> <span class='ocrx_word' id='word_1_64' title='bbox 1030 2754 1163 2826; x_wconf 91' lang='lat' dir='ltr'>sedulo</span> <span class='ocrx_word' id='word_1_65' title='bbox 1175 2752 1335 2826; x_wconf 86' lang='lat' dir='ltr'>siccatae</span> 
     </span>
     <span class='ocr_line' id='line_1_15' title="bbox 136 2880 1334 2975; baseline 0.001 -23"><span class='ocrx_word' id='word_1_66' title='bbox 136 2880 380 2968; x_wconf 88' lang='lat' dir='ltr'>subcorneae,</span> <span class='ocrx_word' id='word_1_67' title='bbox 422 2881 586 2973; x_wconf 78' lang='lat' dir='ltr'>fragiles,</span> <span class='ocrx_word' id='word_1_68' title='bbox 635 2880 860 2974; x_wconf 89' lang='lat' dir='ltr'>diaphanae,</span> <span class='ocrx_word' id='word_1_69' title='bbox 904 2882 1144 2971; x_wconf 90' lang='lat' dir='ltr'>rubicundae,</span> <span class='ocrx_word' id='word_1_70' title='bbox 1187 2881 1334 2975; x_wconf 88' lang='lat' dir='ltr'>saporis</span> 
     </span>
     <span class='ocr_line' id='line_1_16' title="bbox 136 3007 1009 3102; baseline 0.001 -22"><span class='ocrx_word' id='word_1_71' title='bbox 136 3007 327 3096; x_wconf 87' lang='lat' dir='ltr'>nauseosi,</span> <span class='ocrx_word' id='word_1_72' title='bbox 349 3007 620 3100; x_wconf 82' lang='lat' dir='ltr'>mucilaginosi,</span> <span class='ocrx_word' id='word_1_73' title='bbox 641 3008 737 3082; x_wconf 86' lang='lat' dir='ltr'>acris</span> <span class='ocrx_word' id='word_1_74' title='bbox 758 3014 795 3082; x_wconf 87' lang='lat' dir='ltr'>et</span> <span class='ocrx_word' id='word_1_75' title='bbox 813 3008 1009 3102; x_wconf 87' lang='lat' dir='ltr'>peramari.</span> 
     </span>
    </p>

    <p class='ocr_par' dir='ltr' id='par_1_8' title="bbox 134 3132 1347 3482">
     <span class='ocr_line' id='line_1_17' title="bbox 245 3132 1335 3229; baseline 0.003 -24"><span class='ocrx_word' id='word_1_76' title='bbox 245 3132 362 3207; x_wconf 87' lang='lat' dir='ltr'>Caute</span> <span class='ocrx_word' id='word_1_77' title='bbox 390 3139 587 3208; x_wconf 85' lang='lat' dir='ltr'>serventur</span> <span class='ocrx_word' id='word_1_78' title='bbox 619 3135 658 3209; x_wconf 92' lang='lat' dir='ltr'>in</span> <span class='ocrx_word' id='word_1_79' title='bbox 690 3136 792 3209; x_wconf 85' lang='lat' dir='ltr'>vasis</span> <span class='ocrx_word' id='word_1_80' title='bbox 820 3141 949 3209; x_wconf 85' lang='lat' dir='ltr'>exacte</span> <span class='ocrx_word' id='word_1_81' title='bbox 979 3135 1118 3208; x_wconf 88' lang='lat' dir='ltr'>clausis</span> <span class='ocrx_word' id='word_1_82' title='bbox 1148 3141 1186 3210; x_wconf 88' lang='lat' dir='ltr'>et</span> <span class='ocrx_word' id='word_1_83' title='bbox 1212 3135 1335 3229; x_wconf 88' lang='lat' dir='ltr'>pulvis</span> 
     </span>
     <span class='ocr_line' id='line_1_18' title="bbox 135 3259 1347 3356; baseline 0.002 -23"><span class='ocrx_word' id='word_1_84' title='bbox 135 3260 272 3334; x_wconf 88' lang='lat' dir='ltr'>coloris</span> <span class='ocrx_word' id='word_1_85' title='bbox 290 3259 391 3333; x_wconf 90' lang='lat' dir='ltr'>rosei</span> <span class='ocrx_word' id='word_1_86' title='bbox 409 3264 475 3334; x_wconf 88' lang='lat' dir='ltr'>aut</span> <span class='ocrx_word' id='word_1_87' title='bbox 493 3261 617 3336; x_wconf 87' lang='lat' dir='ltr'>carnei</span> <span class='ocrx_word' id='word_1_88' title='bbox 636 3262 786 3335; x_wconf 91' lang='lat' dir='ltr'>nonnisi</span> <span class='ocrx_word' id='word_1_89' title='bbox 801 3262 938 3354; x_wconf 79' lang='lat' dir='ltr'>exigua</span> <span class='ocrx_word' id='word_1_90' title='bbox 953 3262 1160 3354; x_wconf 85' lang='lat' dir='ltr'>quantitate</span> <span class='ocrx_word' id='word_1_91' title='bbox 1174 3267 1347 3356; x_wconf 75' lang='lat' dir='ltr'>paratus·</span> 
     </span>
     <span class='ocr_line' id='line_1_19' title="bbox 134 3392 290 3482; baseline 0.019 -22"><span class='ocrx_word' id='word_1_92' title='bbox 134 3392 290 3482; x_wconf 83' lang='lat' dir='ltr'>prostet</span> 
     </span>
    </p>
   </div>
   <div class='ocr_carea' id='block_1_7' title="bbox 245 3533 642 3609">
    <p class='ocr_par' dir='ltr' id='par_1_9' title="bbox 245 3533 642 3609">
     <span class='ocr_line' id='line_1_20' title="bbox 245 3533 642 3609; baseline 0.01 -4"><span class='ocrx_word' id='word_1_93' title='bbox 245 3533 396 3608; x_wconf 81' lang='lat' dir='ltr'>Acetum.</span> <span class='ocrx_word' id='word_1_94' title='bbox 427 3534 642 3609; x_wconf 74' lang='lat' dir='ltr'>Ecirucium.</span> 
     </span>
    </p>
   </div>
   <div class='ocr_carea' id='block_1_8' title="bbox 282 3891 1186 4203">
    <p class='ocr_par' dir='ltr' id='par_1_10' title="bbox 282 3891 1186 4203">
     <span class='ocr_line' id='line_1_21' title="bbox 282 3891 1186 4012; baseline 0.01 -11"><span class='ocrx_word' id='word_1_95' title='bbox 282 3891 519 4002; x_wconf 77' lang='lat' dir='ltr'>dulcium</span> <span class='ocrx_word' id='word_1_96' title='bbox 548 3895 898 4004; x_wconf 74' lang='lat' dir='ltr'>sorbonicum</span> <span class='ocrx_word' id='word_1_97' title='bbox 924 3897 1186 4012; x_wconf 85' lang='lat' dir='ltr'>nativum.</span> 
     </span>
     <span class='ocr_line' id='line_1_22' title="bbox 612 4121 858 4203; baseline -0.008 0"><span class='ocrx_word' id='word_1_98' title='bbox 612 4121 733 4203; x_wconf 82' lang='lat' dir='ltr'>Creta</span> <span class='ocrx_word' id='word_1_99' title='bbox 756 4124 858 4202; x_wconf 88' lang='lat' dir='ltr'>alba.</span> 
     </span>
    </p>
   </div>
   <div class='ocr_carea' id='block_1_9' title="bbox 134 4317 1334 4650">
    <p class='ocr_par' dir='ltr' id='par_1_11' title="bbox 134 4317 1334 4650">
     <span class='ocr_line' id='line_1_23' title="bbox 243 4317 1334 4410; baseline 0.003 -20"><span class='ocrx_word' id='word_1_100' title='bbox 243 4317 411 4410; x_wconf 84' lang='lat' dir='ltr'>Eligatur</span> <span class='ocrx_word' id='word_1_101' title='bbox 438 4318 632 4392; x_wconf 89' lang='lat' dir='ltr'>albissima</span> <span class='ocrx_word' id='word_1_102' title='bbox 659 4340 735 4393; x_wconf 91' lang='lat' dir='ltr'>non</span> <span class='ocrx_word' id='word_1_103' title='bbox 765 4319 920 4393; x_wconf 87' lang='lat' dir='ltr'>nimiam</span> <span class='ocrx_word' id='word_1_104' title='bbox 948 4325 1070 4394; x_wconf 84' lang='lat' dir='ltr'>terrae</span> <span class='ocrx_word' id='word_1_105' title='bbox 1098 4320 1247 4394; x_wconf 90' lang='lat' dir='ltr'>siliceae</span> <span class='ocrx_word' id='word_1_106' title='bbox 1276 4322 1334 4394; x_wconf 91' lang='lat' dir='ltr'>vel</span> 
     </span>
     <span class='ocr_line' id='line_1_24' title="bbox 134 4444 1332 4540; baseline 0.005 -24"><span class='ocrx_word' id='word_1_107' title='bbox 134 4444 321 4518; x_wconf 88' lang='lat' dir='ltr'>aluminae</span> <span class='ocrx_word' id='word_1_108' title='bbox 352 4446 539 4518; x_wconf 81' lang='lat' dir='ltr'>admixtae</span> <span class='ocrx_word' id='word_1_109' title='bbox 566 4447 713 4539; x_wconf 89' lang='lat' dir='ltr'>copiam</span> <span class='ocrx_word' id='word_1_110' title='bbox 733 4452 880 4521; x_wconf 74' lang='lat' dir='ltr'>tenens</span> <span class='ocrx_word' id='word_1_111' title='bbox 909 4447 1026 4521; x_wconf 82' lang='lat' dir='ltr'>Acido</span> <span class='ocrx_word' id='word_1_112' title='bbox 1046 4447 1332 4540; x_wconf 86' lang='lat' dir='ltr'>hydrochlorico</span> 
     </span>
     <span class='ocr_line' id='line_1_25' title="bbox 134 4573 968 4650; baseline 0.01 -8"><span class='ocrx_word' id='word_1_113' title='bbox 134 4573 206 4644; x_wconf 87' lang='lat' dir='ltr'>sub</span> <span class='ocrx_word' id='word_1_114' title='bbox 227 4573 507 4648; x_wconf 81' lang='lat' dir='ltr'>effervescentia</span> <span class='ocrx_word' id='word_1_115' title='bbox 526 4576 601 4648; x_wconf 85' lang='lat' dir='ltr'>iere</span> <span class='ocrx_word' id='word_1_116' title='bbox 622 4597 668 4648; x_wconf 88' lang='lat' dir='ltr'>ex</span> <span class='ocrx_word' id='word_1_117' title='bbox 687 4579 767 4648; x_wconf 85' lang='lat' dir='ltr'>tolo</span> <span class='ocrx_word' id='word_1_118' title='bbox 788 4576 968 4650; x_wconf 83' lang='lat' dir='ltr'>solvatur.</span> 
     </span>
    </p>
   </div>
   <div class='ocr_carea' id='block_1_10' title="bbox 251 4716 708 4814">
    <p class='ocr_par' dir='ltr' id='par_1_12' title="bbox 251 4716 708 4814">
     <span class='ocr_line' id='line_1_26' title="bbox 251 4716 708 4814; baseline 0.009 -24"><span class='ocrx_word' id='word_1_119' title='bbox 251 4716 467 4814; x_wconf 63' lang='lat' dir='ltr'>linquendum</span> <span class='ocrx_word' id='word_1_120' title='bbox 485 4720 708 4813; x_wconf 81' lang='lat' dir='ltr'>sulfuratum.</span> 
     </span>
    </p>
   </div>
   <div class='ocr_carea' id='block_1_11' title="bbox 0 0 1754 5450">
    <p class='ocr_par' dir='ltr' id='par_1_13' title="bbox 0 0 1754 5450">
     <span class='ocr_line' id='line_1_27' title="bbox 0 0 1754 5450; baseline 0 2"><span class='ocrx_word' id='word_1_121' title='bbox 0 0 1754 5450; x_wconf 95' lang='lat' dir='ltr'> </span> 
     </span>
    </p>
   </div>
  </div>
 </body>
</html>
