3500 5450
728 960 1045 1045 Gummi-resina
1065 966 1240 1070 Myrrha.

499 1117 747 1215 Cournaelplrora
766 1122 917 1217 Myrrha
956 1125 1021 1197 En
1029 1126 1145 1216 gler,
1185 1126 1362 1198 arborio
1395 1127 1583 1199 montibus

385 1248 550 1339 regionis
598 1250 843 1323 Somaliensis
880 1256 916 1325 et
968 1253 1129 1326 Arabiae
1172 1254 1350 1327 australis
1397 1253 1582 1346 indigena.

383 1375 628 1449 Berseracene.

493 1503 642 1577 Massac
682 1505 907 1598 irregulares
937 1507 1130 1601 gibbosae,
1159 1509 1369 1597 tuberosae,
1399 1508 1582 1581 interdum

386 1632 686 1720 subracemosae,
700 1654 821 1726 usque
833 1635 881 1705 ad
891 1635 1187 1726 magnitudinem
1201 1636 1328 1728 pugni,
1339 1636 1378 1708 in
1389 1636 1582 1728 superficie

385 1742 585 1852 inaequali
628 1782 765 1854 aspera
810 1762 1102 1854 pulverulentae,
1156 1763 1292 1836 coloris
1339 1764 1475 1854 griseo-
1526 1765 1583 1836 vel

386 1887 818 1977 ochroleucosubfusci,
863 1894 1043 1981 purgatae
1086 1890 1259 1962 detlando
1298 1895 1362 1963 aut
1400 1890 1582 1963 abluendo

388 2037 507 2108 aeque
527 2037 570 2087 ac
590 2016 628 2087 in
649 2017 811 2089 sructura
831 2018 1015 2090 conchata
1043 2017 1230 2111 pinguiter
1249 2018 1420 2106 nitentes
1451 2019 1582 2091 coloris

387 2142 608 2236 plerumque
643 2144 851 2236 aequabilis
887 2145 1197 2233 subrubrolusci,
1221 2144 1409 2217 interdum
1443 2145 1582 2217 albido-

385 2270 595 2342 maculatae
635 2277 700 2344 aut
736 2271 842 2344 venis
887 2271 1022 2344 albidis
1061 2272 1248 2363 trajectae,
1286 2272 1325 2343 in
1370 2273 1583 2365 fragmentis

386 2396 560 2470 tenuibus
582 2398 790 2490 pellucidae
811 2403 874 2472 aut
898 2400 1191 2491 subpellucidae,
1219 2400 1455 2487 subtenaceS,
1484 2400 1582 2473 haud

385 2523 493 2597 facile
522 2525 789 2617 pulverandae‚
827 2527 1022 2618 pulverem
1060 2528 1156 2602 laete
1185 2526 1442 2601 aurantiacum
1480 2548 1581 2619 prae-

384 2651 528 2726 bentes

493 2780 562 2853 Est
607 2781 759 2872 Myrrha
811 2782 939 2855 odoris
986 2783 1186 2875 peculiaris
1235 2781 1381 2873 suavis,
1438 2782 1581 2874 saporis

386 2907 598 3005 aromatici,
645 2909 830 2996 subacris,
879 2910 1137 2996 amariuseuli;
1186 2910 1295 2983 acido
1341 2909 1473 2982 nitrico
1520 2916 1582 2982 aut

386 3034 673 3126 hydroclrlorico
699 3036 925 3125 humectata,
950 3038 1071 3111 induit
1099 3037 1261 3109 colorem
1291 3035 1441 3109 sordide
1468 3035 1579 3116 viola·

382 3184 501 3236 ceum.

494 3285 669 3362 Tinctum.
689 3290 810 3364 Masso
825 3292 1025 3386 pilularum
1045 3290 1158 3387 Ruffi.

756 3610 1201 3752 Naplrtbalinum.

489 3834 661 3926 Crystalli
689 3834 927 3928 prismaticae
952 3835 1010 3907 vel
1039 3834 1260 3923 lamellares,
1292 3834 1410 3923 albae,
1430 3833 1577 3920 nitidae,

378 3962 504 4034 odoris
515 3962 735 4055 plerumque
747 3962 892 4052 ingrati,
903 3961 1143 4054 penetrantis,
1154 3961 1224 4034 sub
1240 3966 1493 4053 temperatura
1504 3961 1574 4032 790

380 4090 640 4182 liquescentes
662 4111 746 4162 cum
766 4091 969 4183 vaporibus
990 4112 1111 4183 aquae
1131 4094 1303 4183 prompte
1319 4088 1576 4180 auffugientes.

379 4216 580 4290 Solvuntur
599 4217 828 4310 inpartibus
850 4218 995 4290 circiter
1017 4218 1068 4289 ,ld
1088 4217 1242 4311 spiritus
1262 4217 1337 4290 vini
1353 4215 1578 4288 concontrati

373 4473 542 4561 benzolo,
563 4473 657 4545 oleis
677 4471 881 4565 pinguibus
904 4479 940 4546 et
960 4473 1154 4546 aethereis.

482 4600 684 4673 incensum
695 4600 884 4692 deflagrat,
896 4600 1377 4692 fumumdensnm,nigrum
1389 4598 1577 4685 evolvens,

373 4726 523 4800 residuo
544 4749 619 4800 non
641 4727 781 4801 relicto.
831 4769 832 4772 π
