3500 5450
856 527 1092 602 -t36-

730 740 933 852 Resino
958 740 1197 880 duniaci.

483 963 684 1062 Gnojocum
704 967 888 1063 officiente,
909 968 1012 1041 vide:
1033 966 1189 1065 Lignum
1212 967 1376 1065 Guajaci.

475 1094 618 1167 Soccus
634 1095 840 1187 resinosus,
859 1118 903 1168 ex
919 1096 1051 1169 arbore
1063 1100 1197 1187 sponte
1209 1097 1267 1169 vel
1278 1103 1355 1170 arte
1372 1096 1567 1170 vulnerata

366 1243 537 1315 monam,
557 1229 642 1295 aere
658 1223 854 1296 induratus
875 1229 940 1296 aut
958 1224 1203 1315 decoquendo
1223 1225 1281 1297 vel
1302 1224 1565 1317 eliquescendo

366 1349 570 1423 duraminis
609 1351 793 1441 obtentus
832 1351 992 1424 occurrit
1029 1351 1142 1424 modo
1180 1352 1218 1424 in
1247 1353 1371 1444 granis
1401 1351 1565 1443 globosis

366 1477 680 1570 subglobosisque
709 1478 831 1551 variae
862 1479 1134 1571 magnitudinis,
1155 1480 1268 1552 modo
1287 1481 1325 1551 in
1344 1478 1482 1551 massis
1502 1479 1562 1550 de-

364 1606 544 1678 formibus
565 1605 865 1697 nigro-viridibus
892 1606 1141 1697 subbadiisve,
1167 1612 1276 1679 extus
1295 1607 1447 1698 pulvere
1477 1606 1560 1678 sub·

364 1733 470 1805 viridi
485 1734 707 1826 conspersis
728 1734 840 1823 duris,
853 1734 1055 1825 fragilibus
1076 1735 1239 1807 fractura
1249 1735 1365 1807 vitreo
1383 1735 1511 1826 nitore,
1525 1734 1562 1805 in

363 1860 552 1954 particulis
573 1861 832 1935 minutissimis
851 1862 1053 1954 pellucidis,
1082 1862 1219 1953 pallide
1243 1860 1559 1949 viridi-subfusus,

364 1989 513 2080 saporis
543 1991 728 2079 subacris,
750 1989 1004 2078 amaricantis
1043 1989 1169 2062 odoris
1194 1990 1391 2081 peculiaris
1422 1989 1559 2080 debilis,

365 2118 436 2189 sub
457 2118 579 2190 calore
598 2118 719 2210 magis
740 2118 973 2209 emergentis

473 2244 613 2318 Resina
644 2245 683 2317 in
715 2246 909 2337 pulverem
941 2245 1094 2317 redacta
1131 2244 1300 2335 albescit,
1344 2244 1558 2317 substantiis

364 2372 617 2462 orydantibus
641 2372 827 2446 viridescit
846 2376 911 2445 aut
931 2371 1167 2458 eaerulescit;
1193 2371 1348 2444 solvitur
1367 2371 1405 2444 in
1435 2372 1558 2465 spiritu

365 2501 439 2572 vini
459 2504 700 2572 conceutrato
721 2506 757 2574 et
775 2500 871 2573 kalio
891 2500 1187 2592 hydroorydato.

476 2627 657 2698 Tiuctuce,
722 2678 724 2681 -

583 3063 909 3177 Restm
943 3067 1340 3201 Jalapae.

362 3303 461 3395 Rpe:
478 3298 779 3404 Radioisdalapae
791 3300 1045 3383 vulturum
1053 3309 1255 3401 preminate
1267 3304 1468 3401 quingenta.
1482 3303 1554 3374 500

470 3428 706 3503 Infundendo
728 3453 813 3503 cum

472 3555 592 3657 Aquae
611 3554 774 3635 fervidae
794 3581 825 3653 q.
845 3582 872 3630 s.

360 3706 511 3758 macera
529 3706 597 3776 per
615 3690 692 3758 tres
714 3685 801 3776 dies,
824 3685 908 3757 dein
930 3685 1094 3778 exprime
1115 3691 1151 3759 et
1170 3686 1280 3757 sicca.

471 3814 623 3886 Siceatis
643 3812 794 3885 affunde

498 3935 657 4039 Spiritus
677 3935 755 4014 Vini
775 3939 1002 4017 concontrntl
1020 3947 1223 4037 grammata
1243 3940 1343 4012 atille.
1460 3941 1556 4011 1000

298 4165 302 4174 ,
469 4068 561 4140 Post
580 4067 824 4159 digestionem
842 4088 910 4159 per
928 4067 1054 4158 viginti
1071 4075 1232 4160 quatuor
1251 4069 1365 4140 horas
1381 4065 1557 4158 liquorem

362 4196 533 4285 defunde,
544 4194 734 4268 residuum
746 4216 968 4286 expressum
988 4218 1070 4268 curn
1083 4197 1236 4288 spiritus
1250 4193 1558 4268 viniconcentrati

361 4324 493 4397 eadem
514 4321 719 4414 quantitate
739 4322 863 4394 denuo
880 4322 1002 4413 digere
1019 4328 1054 4394 et
1072 4323 1171 4396 hanc
1191 4322 1437 4414 digestionem
1456 4321 1560 4394 tertia

360 4452 441 4524 vice
456 4456 594 4542 repete.
625 4449 841 4521 Atincturis
862 4449 1006 4522 filtratis
1027 4455 1062 4522 et
1085 4450 1293 4523 commixtis
1319 4451 1471 4543 spiritus
1492 4448 1560 4520 vini

360 4584 399 4656 in
416 4577 550 4649 balneo
571 4598 694 4668 aquae
710 4575 935 4649 destillaudo
963 4583 1166 4669 separetur.
1188 4576 1398 4650 Residuum
1410 4576 1559 4648 immitte

359 4704 397 4777 in
417 4727 555 4797 aquarn
570 4704 795 4777 destillatam
816 4705 1034 4777 bullientem
1054 4709 1091 4777 et
1109 4726 1240 4797 coque,
1257 4709 1300 4776 ut
1318 4704 1470 4796 spiritus
1490 4705 1559 4778 viui
