3500 5450
641 603 853 675 -107-

150 818 243 904 bile;
271 819 378 890 acido
397 818 528 892 nitrico
548 821 712 912 oxi-'data
731 825 767 894 et
787 819 977 893 ammonia
1006 819 1214 892 abundanti
1233 819 1349 891 mixta

150 944 400 1019 sedimentum
419 946 589 1020 demittat
613 948 872 1040 gelatinosum,
899 949 1004 1021 lusco
1037 947 1206 1032 rubrnm;
1226 946 1349 1039 liquor

151 1072 198 1144 ab
217 1072 290 1144 hoc
314 1073 488 1146 filtrando
522 1079 731 1167 separatus,
764 1076 812 1148 sit
840 1076 975 1148 coloris
994 1095 1138 1167 expers,
1159 1074 1348 1145 ammonio

152 1200 336 1273 sulfurato
356 1221 404 1274 ne
422 1205 586 1274 mutetur
605 1205 642 1274 et
660 1203 709 1275 ad
728 1202 869 1275 siccum
898 1208 1125 1295 evaporatus
1151 1205 1188 1273 et
1212 1200 1346 1272 cande·

150 1331 273 1401 lactus
293 1329 543 1403 sedimentum
558 1329 700 1402 nullum
714 1331 911 1422 relinquat.

264 1455 406 1529 Solutio
428 1477 582 1552 aquosa,
602 1478 679 1529 una
697 1458 757 1530 vel
777 1457 925 1531 duabus
946 1457 1058 1549 guttis
1079 1457 1162 1529 kalii
1190 1456 1348 1546 sulsocy·

152 1585 252 1657 anati
281 1584 392 1656 soluti
427 1583 623 1672 instillatis,
653 1585 776 1657 colore
807 1585 855 1658 ad
885 1605 1078 1658 summum
1110 1584 1348 1672 rutilo-flavo

153 1711 304 1783 minime
324 1710 437 1783 rubro
458 1712 633 1802 tingatur,
654 1734 752 1805 aqua
770 1713 1076 1804 hydrosulfnrata
1100 1733 1148 1785 ne
1168 1712 1347 1786 turbetur.

262 1839 405 1927 Quodsi
451 1837 602 1910 Ferrum
647 1839 861 1934 sulfuriccm
909 1839 1079 1911 siccatum
1126 1840 1349 1933 exposcitur,

153 1966 317 2057 crystalli
331 1965 432 2039 Ferri
450 1965 617 2038 sulfurici
631 1966 669 2040 in
683 1968 876 2060 pulverem
891 1969 1063 2041 redactae
1079 1968 1214 2040 balneo
1230 1990 1350 2060 aquae

152 2093 296 2165 tamdiu
325 2093 548 2181 exsicentun
578 2095 698 2167 donec
730 2095 769 2167 in
796 2096 989 2188 pulverem
1023 2094 1149 2168 album
1183 2096 1350 2188 dilapsae

154 2220 290 2293 luerint
327 2226 364 2293 et
399 2222 575 2313 ponderis
613 2227 739 2313 partes
785 2222 937 2314 triginta
984 2223 1148 2315 quinque
1192 2223 1239 2295 ad
1286 2244 1352 2295 sex

153 2346 354 2419 amiserint.

261 2475 417 2547 Ferrum
436 2475 657 2551 sulluricum
676 2477 914 2570 inapparatu
928 2477 1081 2550 Marshii
1098 2478 1351 2551 examinatum
1467 2474 1469 2478 ’

152 2624 200 2676 nc
220 2603 375 2695 vestigia
395 2603 546 2696 quidem
566 2603 707 2697 speculi
727 2605 884 2676 arsenici
902 2606 1091 2697 praebeat.

522 3110 706 3221 lllorcs
732 3111 978 3220 Arnicac.

266 3371 402 3442 Aruica
422 3376 588 3441 cirnaclano
608 3372 746 3459 Lino,
766 3373 897 3464 planta
915 3372 1089 3465 perennis
1108 3373 1296 3464 indigena,
1317 3373 1355 3445 in

155 3497 328 3589 Europae
349 3497 496 3570 mediae
517 3503 553 3572 et
572 3498 733 3571 borealis
752 3500 869 3591 pratis
889 3500 1079 3573 montanis
1098 3500 1276 3573 silvaticis
1296 3506 1356 3573 sat

155 3624 339 3716 frequens
376 3622 602 3718 Cornpocitaa

267 3751 460 3824 Anthodia
488 3774 627 3844 magna
655 3756 812 3845 radiata,
842 3756 1186 3841 luteo-aurantiaca,
1220 3776 1354 3848 peran-

157 3880 286 3955 thodio
306 3878 534 3970 polyphyllo,
551 3880 725 3971 biseriali,
739 3883 903 3956 flosculis
922 3883 1017 3955 radii
1032 3882 1206 3974 ligulatis,
1218 3882 1265 3954 ad
1281 3882 1355 3954 duo

157 4016 194 4081 et
213 4005 408 4079 dimidium
428 4006 788 4101 centimetralongiS,
805 4017 965 4103 quatuor
983 4011 1194 4083 millimetra
1214 4010 1357 4083 circiter

157 4136 251 4223 latis,
263 4132 485 4221 tridentatis,
501 4140 659 4227 septem·
673 4139 722 4210 ad
732 4141 1036 4227 novem-nerviis
1054 4138 1145 4211 disci
1160 4137 1355 4226 tubulosiS,

157 4260 502 4356 quinquedentalis,
532 4262 698 4338 acheniis
725 4268 1020 4358 subcylindricis,
1049 4265 1203 4358 asperis
1230 4286 1355 4358 pappo

156 4391 287 4485 pilos0,
307 4386 525 4478 uniseriato‚
546 4389 665 4481 rigido
686 4395 886 4473 coronatis.
912 4394 1147 4486 receptaculo
1173 4414 1354 4481 convexo,

158 4519 354 4603 loreolam,
393 4516 549 4590 loveolis
575 4519 660 4612 pilis
689 4522 866 4595 brevibus
896 4523 1030 4596 albidis
1057 4520 1295 4594 circumdatis
1321 4526 1358 4592 et

157 4650 313 4741 singulis
325 4641 669 4723 setisvalidion'bus
680 4650 868 4741 praeditis
881 4649 1006 4722 odoris
1018 4647 1140 4740 exigui
1152 4647 1356 4733 aromatici,

158 4778 303 4869 saporis
323 4772 505 4862 subacris,
528 4777 778 4849 amarinsculi.
