3500 5450
874 526 1117 598 -178—

640 737 824 846 Massa
847 734 1149 844 Pilularum
1177 736 1334 845 llul'll.

388 978 485 1071 Rpe:
523 975 630 1056 llius
734 985 937 1076 prammata
955 976 1137 1074 scoeupintc
1535 981 1583 1053 60

523 1102 687 1205 llyrrhto
733 1111 935 1203 prammata
950 1104 1099 1201 tripinta

524 1232 627 1310 Greci
738 1238 940 1329 praeamata
959 1230 1081 1303 decern.

497 1360 699 1434 Pulverata
728 1362 867 1454 optime
897 1360 1014 1433 mixta
1051 1364 1247 1433 serventur
1283 1360 1322 1433 in
1360 1381 1452 1433 vase
1493 1359 1585 1434 bene

391 1488 532 1562 clausu.

848 1733 1129 1843 lllasticbe.

821 1926 974 2005 Rasina
995 1925 1158 2006 Mastix.

497 2102 657 2177 Pc'atccia
675 2102 859 2176 Lentiscus
877 2102 1014 2193 Linn,
1042 2103 1155 2175 arbor
1166 2103 1205 2177 in
1217 2104 1341 2177 insula
1355 2102 1470 2177 Chios
1482 2105 1588 2178 cruta.

390 2230 687 2304 Anacardiuceae.

499 2360 642 2433 Succus
660 2359 856 2432 resinosus
882 2380 902 2433 e
922 2359 1065 2432 truncis
1085 2358 1291 2433 vulneratis
1311 2359 1482 2451 effluens,
1503 2366 1587 2434 ae‘re

389 2488 601 2576 induratus
623 2487 721 2560 sistit
739 2506 858 2579 grana
876 2487 1098 2579 plerumque
1118 2487 1278 2578 globosa
1298 2491 1334 2559 et
1348 2487 1587 2579 subglobosa,

391 2613 529 2707 piperis
568 2613 627 2686 vel
658 2613 728 2706 pisi
760 2612 1027 2705 magnitudine,
1071 2613 1183 2703 clara,
1217 2613 1413 2706 pellucida,
1459 2614 1589 2688 colons

390 2741 589 2831 subcitm'ni,
618 2736 843 2815 infractura
862 2741 1048 2815 conchata
1071 2741 1154 2814 vitri
1186 2741 1310 2814 instar
1342 2741 1586 2834 splendentia,

391 2870 560 2958 friabilia,
593 2869 633 2940 in
652 2889 774 2941 merce
804 2889 881 2941 non
911 2869 1004 2942 satis
1024 2875 1173 2943 recente
1198 2869 1393 2961 superficie
1418 2869 1589 2962 pulveru-

391 2997 511 3087 lenta,
556 2996 682 3069 odoris
716 3001 753 3069 et
784 2996 931 3089 saporis
966 2996 1098 3069 debilis
1133 2995 1351 3083 balsamici,
1394 2998 1590 3070 masticata

394 3146 565 3198 massam
586 3123 723 3212 albam,
745 3123 919 3197 dentibus
938 3123 1208 3197 adhaerentem
1225 3122 1456 3216 praebentia.

501 3251 681 3325 Mastiche
700 3250 740 3324 in
768 3250 901 3343 spiritu
915 3249 990 3323 vini
1005 3255 1246 3324 concentrato
1261 3254 1513 3343 temperatura
1531 3273 1587 3324 or·

393 3378 540 3451 dinaria
566 3399 634 3471 pro
662 3378 827 3451 maxima
850 3385 975 3470 parte,
999 3376 1039 3450 in
1066 3378 1216 3452 aethere
1242 3377 1392 3471 penitus
1423 3378 1586 3453 solvitur.

500 3503 743 3600 limpharum
767 3502 1027 3577 Cantharidum
1042 3511 1259 3602 perpetuum.

800 3825 908 3936 llel
939 3826 1182 3937 crudum.

504 4052 831 4128 Sitconsistentiae
845 4053 1050 4145 spissioris,
1061 4052 1197 4126 coloris
1208 4052 1455 4144 flavescentis,
1466 4053 1589 4127 odoris

393 4179 514 4253 mellis
534 4178 732 4271 peculiaris
753 4185 790 4253 et
809 4181 957 4273 saporis
978 4180 1107 4269 dulcis
1127 4180 1331 4254 nonacris.

502 4305 596 4378 Pars
616 4328 693 4380 una
719 4308 841 4382 mellis
861 4328 947 4380 cum
966 4307 1114 4380 duabus
1132 4307 1301 4400 partibus
1321 4329 1443 4400 aquae
1468 4308 1591 4397 mixta,

395 4434 581 4526 liquorem
600 4435 675 4507 lere
695 4435 908 4508 neutralem
936 4433 1114 4527 praebeat
1138 4434 1317 4527 ponderis
1345 4457 1445 4528 spec.
1471 4437 1591 4525 ΜῙΟ,

395 4562 458 4654 qui
486 4561 660 4649 filtratuS,
686 4562 926 4654 superaffuso
957 4561 1089 4654 spiritu
1107 4562 1183 4634 vini
1204 4562 1386 4653 absoluta,
1407 4562 1591 4637 interduo

397 4693 517 4761 strata
537 4708 672 4760 zonam
692 4688 854 4762 lacteam
872 4710 921 4761 ne
941 4688 1131 4781 praebeat.
