<?xml version="1.0" encoding="UTF-8"?>
<!DOCTYPE html PUBLIC "-//W3C//DTD XHTML 1.0 Transitional//EN"
    "http://www.w3.org/TR/xhtml1/DTD/xhtml1-transitional.dtd">
<html xmlns="http://www.w3.org/1999/xhtml" xml:lang="en" lang="en">
 <head>
  <title>
</title>
<meta http-equiv="Content-Type" content="text/html;charset=utf-8" />
  <meta name='ocr-system' content='tesseract 3.04.00' />
  <meta name='ocr-capabilities' content='ocr_page ocr_carea ocr_par ocr_line ocrx_word'/>
</head>
<body>
  <div class='ocr_page' id='page_1' title='image "./pharmacopoeaaus02unkngoog_0204.png"; bbox 0 0 3500 5450; ppageno 0'>
   <div class='ocr_carea' id='block_1_1' title="bbox 894 495 1133 569">
    <p class='ocr_par' dir='ltr' id='par_1_1' title="bbox 894 495 1133 569">
     <span class='ocr_line' id='line_1_1' title="bbox 894 495 1133 569; baseline 0.008 -2"><span class='ocrx_word' id='word_1_1' title='bbox 894 495 1133 569; x_wconf 82' lang='lat'>-176-</span> 
     </span>
    </p>
   </div>
   <div class='ocr_carea' id='block_1_2' title="bbox 409 712 1604 915">
    <p class='ocr_par' dir='ltr' id='par_1_2' title="bbox 409 712 1604 915">
     <span class='ocr_line' id='line_1_2' title="bbox 411 712 1604 811; baseline 0.006 -27"><span class='ocrx_word' id='word_1_2' title='bbox 411 712 535 786; x_wconf 88' lang='lat' dir='ltr'>rnonia</span> <span class='ocrx_word' id='word_1_3' title='bbox 553 718 695 806; x_wconf 87' lang='lat' dir='ltr'>parata,</span> <span class='ocrx_word' id='word_1_4' title='bbox 715 713 836 787; x_wconf 89' lang='lat' dir='ltr'>natrio</span> <span class='ocrx_word' id='word_1_5' title='bbox 855 714 1082 809; x_wconf 87' lang='lat' dir='ltr'>phosporico</span> <span class='ocrx_word' id='word_1_6' title='bbox 1104 716 1356 790; x_wconf 87' lang='lat' dir='ltr'>sedimentum</span> <span class='ocrx_word' id='word_1_7' title='bbox 1380 718 1509 790; x_wconf 90' lang='lat' dir='ltr'>album</span> <span class='ocrx_word' id='word_1_8' title='bbox 1529 739 1604 811; x_wconf 82' lang='lat' dir='ltr'>cry·</span> 
     </span>
     <span class='ocr_line' id='line_1_3' title="bbox 409 842 789 915; baseline 0.008 -3"><span class='ocrx_word' id='word_1_9' title='bbox 409 842 599 915; x_wconf 84' lang='lat' dir='ltr'>stallinum</span> <span class='ocrx_word' id='word_1_10' title='bbox 620 842 789 915; x_wconf 88' lang='lat' dir='ltr'>demittit.</span> 
     </span>
    </p>
   </div>
   <div class='ocr_carea' id='block_1_3' title="bbox 408 1006 1602 1208">
    <p class='ocr_par' dir='ltr' id='par_1_3' title="bbox 408 1006 1602 1208">
     <span class='ocr_line' id='line_1_4' title="bbox 515 1006 1602 1102; baseline 0.004 -23"><span class='ocrx_word' id='word_1_11' title='bbox 515 1006 712 1080; x_wconf 76' lang='lat' dir='ltr'>Caeterum</span> <span class='ocrx_word' id='word_1_12' title='bbox 736 1028 778 1080; x_wconf 88' lang='lat' dir='ltr'>se</span> <span class='ocrx_word' id='word_1_13' title='bbox 798 1029 887 1099; x_wconf 84' lang='lat' dir='ltr'>erga</span> <span class='ocrx_word' id='word_1_14' title='bbox 904 1009 1096 1100; x_wconf 84' lang='lat' dir='ltr'>reagentia</span> <span class='ocrx_word' id='word_1_15' title='bbox 1115 1010 1295 1101; x_wconf 89' lang='lat' dir='ltr'>praebeat</span> <span class='ocrx_word' id='word_1_16' title='bbox 1313 1014 1355 1082; x_wconf 92' lang='lat' dir='ltr'>ut</span> <span class='ocrx_word' id='word_1_17' title='bbox 1374 1010 1602 1102; x_wconf 83' lang='lat' dir='ltr'>Magnesium</span> 
     </span>
     <span class='ocr_line' id='line_1_5' title="bbox 408 1134 658 1208; baseline 0.012 -3"><span class='ocrx_word' id='word_1_18' title='bbox 408 1134 658 1208; x_wconf 84' lang='lat' dir='ltr'>carbonicum.</span> 
     </span>
    </p>
   </div>
   <div class='ocr_carea' id='block_1_4' title="bbox 400 1298 1605 2157">
    <p class='ocr_par' dir='ltr' id='par_1_4' title="bbox 400 1298 1605 1899">
     <span class='ocr_line' id='line_1_6' title="bbox 514 1298 1605 1397; baseline 0 -26"><span class='ocrx_word' id='word_1_19' title='bbox 514 1298 728 1390; x_wconf 82' lang='lat' dir='ltr'>Magnesiae</span> <span class='ocrx_word' id='word_1_20' title='bbox 757 1304 863 1372; x_wconf 87' lang='lat' dir='ltr'>ustae</span> <span class='ocrx_word' id='word_1_21' title='bbox 893 1299 1091 1373; x_wconf 86' lang='lat' dir='ltr'>minimum</span> <span class='ocrx_word' id='word_1_22' title='bbox 1112 1306 1315 1396; x_wconf 79' lang='lat' dir='ltr'>prommoto</span> <span class='ocrx_word' id='word_1_23' title='bbox 1343 1307 1478 1373; x_wconf 77' lang='lat' dir='ltr'>centum</span> <span class='ocrx_word' id='word_1_24' title='bbox 1507 1301 1605 1397; x_wconf 81' lang='lat' dir='ltr'>quin-</span> 
     </span>
     <span class='ocr_line' id='line_1_7' title="bbox 406 1425 1604 1522; baseline 0.005 -28"><span class='ocrx_word' id='word_1_25' title='bbox 406 1425 576 1522; x_wconf 71' lang='lat' dir='ltr'>quaqinta</span> <span class='ocrx_word' id='word_1_26' title='bbox 607 1427 716 1517; x_wconf 79' lang='lat'>(150)</span> <span class='ocrx_word' id='word_1_27' title='bbox 753 1448 903 1520; x_wconf 87' lang='lat' dir='ltr'>semper</span> <span class='ocrx_word' id='word_1_28' title='bbox 934 1433 1109 1521; x_wconf 85' lang='lat' dir='ltr'>prompta</span> <span class='ocrx_word' id='word_1_29' title='bbox 1142 1427 1227 1500; x_wconf 88' lang='lat' dir='ltr'>sint.</span> <span class='ocrx_word' id='word_1_30' title='bbox 1265 1428 1373 1521; x_wconf 85' lang='lat' dir='ltr'>Aptis</span> <span class='ocrx_word' id='word_1_31' title='bbox 1402 1426 1604 1500; x_wconf 86' lang='lat' dir='ltr'>intervallis</span> 
     </span>
     <span class='ocr_line' id='line_1_8' title="bbox 405 1553 1601 1646; baseline 0.003 -23"><span class='ocrx_word' id='word_1_32' title='bbox 405 1553 628 1645; x_wconf 81' lang='lat' dir='ltr'>exploretur,</span> <span class='ocrx_word' id='word_1_33' title='bbox 647 1575 740 1626; x_wconf 86' lang='lat' dir='ltr'>num</span> <span class='ocrx_word' id='word_1_34' title='bbox 768 1555 874 1627; x_wconf 79' lang='lat' dir='ltr'>acido</span> <span class='ocrx_word' id='word_1_35' title='bbox 904 1554 1186 1646; x_wconf 89' lang='lat' dir='ltr'>hydrochlorico</span> <span class='ocrx_word' id='word_1_36' title='bbox 1216 1555 1343 1629; x_wconf 86' lang='lat' dir='ltr'>addito</span> <span class='ocrx_word' id='word_1_37' title='bbox 1374 1554 1601 1643; x_wconf 83' lang='lat' dir='ltr'>effervescat,</span> 
     </span>
     <span class='ocr_line' id='line_1_9' title="bbox 404 1680 1602 1775; baseline 0.003 -23"><span class='ocrx_word' id='word_1_38' title='bbox 404 1680 504 1772; x_wconf 89' lang='lat' dir='ltr'>qnod</span> <span class='ocrx_word' id='word_1_39' title='bbox 535 1681 568 1752; x_wconf 87' lang='lat' dir='ltr'>si</span> <span class='ocrx_word' id='word_1_40' title='bbox 595 1680 800 1770; x_wconf 85' lang='lat' dir='ltr'>accidisset,</span> <span class='ocrx_word' id='word_1_41' title='bbox 829 1688 1093 1775; x_wconf 86' lang='lat' dir='ltr'>praeparatum</span> <span class='ocrx_word' id='word_1_42' title='bbox 1117 1684 1285 1756; x_wconf 84' lang='lat' dir='ltr'>modicae</span> <span class='ocrx_word' id='word_1_43' title='bbox 1312 1682 1483 1774; x_wconf 82' lang='lat' dir='ltr'>ignitioni</span> <span class='ocrx_word' id='word_1_44' title='bbox 1514 1683 1602 1755; x_wconf 90' lang='lat' dir='ltr'>sub·</span> 
     </span>
     <span class='ocr_line' id='line_1_10' title="bbox 400 1807 557 1899; baseline 0.006 -19"><span class='ocrx_word' id='word_1_45' title='bbox 400 1807 557 1899; x_wconf 87' lang='lat' dir='ltr'>jiciatur.</span> 
     </span>
    </p>

    <p class='ocr_par' dir='ltr' id='par_1_5' title="bbox 404 1952 1601 2157">
     <span class='ocr_line' id='line_1_11' title="bbox 512 1952 1601 2048; baseline 0.006 -24"><span class='ocrx_word' id='word_1_46' title='bbox 512 1952 669 2025; x_wconf 90' lang='lat' dir='ltr'>Inservit</span> <span class='ocrx_word' id='word_1_47' title='bbox 701 1975 801 2045; x_wconf 84' lang='lat' dir='ltr'>aqua</span> <span class='ocrx_word' id='word_1_48' title='bbox 834 1954 961 2047; x_wconf 91' lang='lat' dir='ltr'>tepida</span> <span class='ocrx_word' id='word_1_49' title='bbox 995 1955 1154 2028; x_wconf 83' lang='lat' dir='ltr'>mixtum</span> <span class='ocrx_word' id='word_1_50' title='bbox 1188 1977 1262 2048; x_wconf 89' lang='lat' dir='ltr'>qua</span> <span class='ocrx_word' id='word_1_51' title='bbox 1294 1953 1502 2031; x_wconf 73' lang='lat' dir='ltr'><strong>Antidotum</strong></span> <span class='ocrx_word' id='word_1_52' title='bbox 1536 1954 1601 2030; x_wconf 75' lang='lat' dir='ltr'>lr-</span> 
     </span>
     <span class='ocr_line' id='line_1_12' title="bbox 404 2077 623 2157; baseline 0 -1"><span class='ocrx_word' id='word_1_53' title='bbox 404 2078 518 2157; x_wconf 81' lang='lat' dir='ltr'>seniol</span> <span class='ocrx_word' id='word_1_54' title='bbox 538 2077 623 2156; x_wconf 72' lang='lat' dir='ltr'>albl.</span> 
     </span>
    </p>
   </div>
   <div class='ocr_carea' id='block_1_5' title="bbox 644 2474 1346 2619">
    <p class='ocr_par' dir='ltr' id='par_1_6' title="bbox 644 2474 1346 2619">
     <span class='ocr_line' id='line_1_13' title="bbox 644 2474 1346 2619; baseline 0.001 -36"><span class='ocrx_word' id='word_1_55' title='bbox 644 2475 986 2619; x_wconf 74' lang='lat' dir='ltr'>Magnesiam</span> <span class='ocrx_word' id='word_1_56' title='bbox 1013 2474 1346 2585; x_wconf 82' lang='lat' dir='ltr'>sullurlonm.</span> 
     </span>
    </p>
   </div>
   <div class='ocr_carea' id='block_1_6' title="bbox 867 2742 1139 2822">
    <p class='ocr_par' dir='ltr' id='par_1_7' title="bbox 867 2742 1139 2822">
     <span class='ocr_line' id='line_1_14' title="bbox 867 2742 1139 2822; baseline 0.004 -1"><span class='ocrx_word' id='word_1_57' title='bbox 867 2742 934 2822; x_wconf 88' lang='lat' dir='ltr'>Sal</span> <span class='ocrx_word' id='word_1_58' title='bbox 963 2767 1139 2822; x_wconf 83' lang='lat' dir='ltr'>amarus</span> 
     </span>
    </p>
   </div>
   <div class='ocr_carea' id='block_1_7' title="bbox 399 2974 1596 3705">
    <p class='ocr_par' dir='ltr' id='par_1_8' title="bbox 399 2974 1596 3705">
     <span class='ocr_line' id='line_1_15' title="bbox 511 2974 1596 3069; baseline -0.001 -20"><span class='ocrx_word' id='word_1_59' title='bbox 511 2974 724 3068; x_wconf 86' lang='lat' dir='ltr'>Crystallnli</span> <span class='ocrx_word' id='word_1_60' title='bbox 753 2975 1001 3067; x_wconf 84' lang='lat' dir='ltr'>prismalieae,</span> <span class='ocrx_word' id='word_1_61' title='bbox 1041 2975 1159 3067; x_wconf 82' lang='lat' dir='ltr'>albae,</span> <span class='ocrx_word' id='word_1_62' title='bbox 1185 2976 1224 3048; x_wconf 94' lang='lat' dir='ltr'>in</span> <span class='ocrx_word' id='word_1_63' title='bbox 1249 2983 1335 3049; x_wconf 71' lang='lat' dir='ltr'>aere</span> <span class='ocrx_word' id='word_1_64' title='bbox 1360 2998 1495 3069; x_wconf 86' lang='lat' dir='ltr'>parum</span> <span class='ocrx_word' id='word_1_65' title='bbox 1520 2977 1596 3049; x_wconf 86' lang='lat' dir='ltr'>fati-</span> 
     </span>
     <span class='ocr_line' id='line_1_16' title="bbox 401 3102 1596 3197; baseline 0.002 -22"><span class='ocrx_word' id='word_1_66' title='bbox 401 3108 561 3193; x_wconf 81' lang='lat' dir='ltr'>scentes,</span> <span class='ocrx_word' id='word_1_67' title='bbox 579 3124 680 3195; x_wconf 87' lang='lat' dir='ltr'>aqua</span> <span class='ocrx_word' id='word_1_68' title='bbox 693 3103 826 3195; x_wconf 82' lang='lat' dir='ltr'>frigida</span> <span class='ocrx_word' id='word_1_69' title='bbox 835 3102 1009 3175; x_wconf 85' lang='lat' dir='ltr'>facillime</span> <span class='ocrx_word' id='word_1_70' title='bbox 1020 3104 1208 3177; x_wconf 79' lang='lat' dir='ltr'>solubiles</span> <span class='ocrx_word' id='word_1_71' title='bbox 1225 3103 1367 3177; x_wconf 88' lang='lat' dir='ltr'>Solutio</span> <span class='ocrx_word' id='word_1_72' title='bbox 1377 3126 1535 3197; x_wconf 88' lang='lat' dir='ltr'>aquosa,</span> <span class='ocrx_word' id='word_1_73' title='bbox 1546 3127 1596 3177; x_wconf 93' lang='lat' dir='ltr'>re·</span> 
     </span>
     <span class='ocr_line' id='line_1_17' title="bbox 400 3230 1596 3323; baseline 0.003 -21"><span class='ocrx_word' id='word_1_74' title='bbox 400 3230 558 3304; x_wconf 84' lang='lat' dir='ltr'>aelionis</span> <span class='ocrx_word' id='word_1_75' title='bbox 572 3231 754 3319; x_wconf 67' lang='lat' dir='ltr'>neutrius</span> <span class='ocrx_word' id='word_1_76' title='bbox 771 3230 899 3304; x_wconf 87' lang='lat' dir='ltr'>addito</span> <span class='ocrx_word' id='word_1_77' title='bbox 913 3231 1029 3323; x_wconf 86' lang='lat' dir='ltr'>baryo</span> <span class='ocrx_word' id='word_1_78' title='bbox 1044 3232 1175 3305; x_wconf 86' lang='lat' dir='ltr'>nitrico</span> <span class='ocrx_word' id='word_1_79' title='bbox 1194 3232 1445 3306; x_wconf 86' lang='lat' dir='ltr'>sedimentum</span> <span class='ocrx_word' id='word_1_80' title='bbox 1461 3234 1596 3321; x_wconf 86' lang='lat' dir='ltr'>album,</span> 
     </span>
     <span class='ocr_line' id='line_1_18' title="bbox 400 3357 1596 3453; baseline 0.003 -24"><span class='ocrx_word' id='word_1_81' title='bbox 400 3357 437 3430; x_wconf 91' lang='lat' dir='ltr'>in</span> <span class='ocrx_word' id='word_1_82' title='bbox 458 3358 572 3431; x_wconf 84' lang='lat' dir='ltr'>acidis</span> <span class='ocrx_word' id='word_1_83' title='bbox 591 3358 787 3431; x_wconf 89' lang='lat' dir='ltr'>insolubile</span> <span class='ocrx_word' id='word_1_84' title='bbox 808 3358 975 3446; x_wconf 87' lang='lat' dir='ltr'>demittit,</span> <span class='ocrx_word' id='word_1_85' title='bbox 1003 3380 1073 3432; x_wconf 86' lang='lat' dir='ltr'>nec</span> <span class='ocrx_word' id='word_1_86' title='bbox 1098 3380 1176 3432; x_wconf 93' lang='lat' dir='ltr'>non</span> <span class='ocrx_word' id='word_1_87' title='bbox 1200 3359 1323 3432; x_wconf 82' lang='lat' dir='ltr'>nutrio</span> <span class='ocrx_word' id='word_1_88' title='bbox 1343 3360 1596 3453; x_wconf 87' lang='lat' dir='ltr'>phosphorico</span> 
     </span>
     <span class='ocr_line' id='line_1_19' title="bbox 399 3484 1596 3581; baseline 0.003 -24"><span class='ocrx_word' id='word_1_89' title='bbox 399 3491 602 3578; x_wconf 81' lang='lat' dir='ltr'>praesente</span> <span class='ocrx_word' id='word_1_90' title='bbox 628 3484 817 3559; x_wconf 87' lang='lat' dir='ltr'>ammonio</span> <span class='ocrx_word' id='word_1_91' title='bbox 843 3485 1012 3558; x_wconf 86' lang='lat' dir='ltr'>chlorato</span> <span class='ocrx_word' id='word_1_92' title='bbox 1039 3492 1077 3559; x_wconf 91' lang='lat' dir='ltr'>et</span> <span class='ocrx_word' id='word_1_93' title='bbox 1101 3488 1291 3561; x_wconf 86' lang='lat' dir='ltr'>ammonia</span> <span class='ocrx_word' id='word_1_94' title='bbox 1316 3487 1596 3581; x_wconf 85' lang='lat' dir='ltr'>praecipitatum</span> 
     </span>
     <span class='ocr_line' id='line_1_20' title="bbox 400 3612 838 3705; baseline 0.002 -22"><span class='ocrx_word' id='word_1_95' title='bbox 400 3612 656 3703; x_wconf 85' lang='lat' dir='ltr'>crystallinum</span> <span class='ocrx_word' id='word_1_96' title='bbox 670 3613 838 3705; x_wconf 86' lang='lat' dir='ltr'>praebet.</span> 
     </span>
    </p>
   </div>
   <div class='ocr_carea' id='block_1_8' title="bbox 398 3758 1596 4213">
    <p class='ocr_par' dir='ltr' id='par_1_9' title="bbox 398 3758 1596 4213">
     <span class='ocr_line' id='line_1_21' title="bbox 509 3758 1596 3853; baseline 0.002 -22"><span class='ocrx_word' id='word_1_97' title='bbox 509 3758 650 3831; x_wconf 86' lang='lat' dir='ltr'>Solutio</span> <span class='ocrx_word' id='word_1_98' title='bbox 670 3780 819 3850; x_wconf 89' lang='lat' dir='ltr'>aquosa</span> <span class='ocrx_word' id='word_1_99' title='bbox 837 3781 907 3833; x_wconf 86' lang='lat' dir='ltr'>nec</span> <span class='ocrx_word' id='word_1_100' title='bbox 926 3780 1027 3852; x_wconf 88' lang='lat' dir='ltr'>aqua</span> <span class='ocrx_word' id='word_1_101' title='bbox 1041 3759 1359 3851; x_wconf 83' lang='lat' dir='ltr'>hydrosnlfurata,</span> <span class='ocrx_word' id='word_1_102' title='bbox 1367 3782 1438 3834; x_wconf 83' lang='lat' dir='ltr'>nee</span> <span class='ocrx_word' id='word_1_103' title='bbox 1446 3760 1596 3853; x_wconf 85' lang='lat' dir='ltr'>adjectis</span> 
     </span>
     <span class='ocr_line' id='line_1_22' title="bbox 399 3885 1593 3977; baseline 0.003 -20"><span class='ocrx_word' id='word_1_104' title='bbox 399 3886 588 3959; x_wconf 83' lang='lat' dir='ltr'>ammonio</span> <span class='ocrx_word' id='word_1_105' title='bbox 609 3885 779 3959; x_wconf 85' lang='lat' dir='ltr'>chlorato</span> <span class='ocrx_word' id='word_1_106' title='bbox 806 3890 843 3959; x_wconf 93' lang='lat' dir='ltr'>et</span> <span class='ocrx_word' id='word_1_107' title='bbox 861 3888 1062 3977; x_wconf 87' lang='lat' dir='ltr'>ammonia,</span> <span class='ocrx_word' id='word_1_108' title='bbox 1088 3889 1279 3961; x_wconf 87' lang='lat' dir='ltr'>ammonio</span> <span class='ocrx_word' id='word_1_109' title='bbox 1307 3889 1492 3962; x_wconf 79' lang='lat' dir='ltr'>sulfurato</span> <span class='ocrx_word' id='word_1_110' title='bbox 1518 3910 1593 3961; x_wconf 89' lang='lat' dir='ltr'>rnu-</span> 
     </span>
     <span class='ocr_line' id='line_1_23' title="bbox 398 4013 1594 4108; baseline 0.002 -23"><span class='ocrx_word' id='word_1_111' title='bbox 398 4016 511 4100; x_wconf 81' lang='lat' dir='ltr'>letur3</span> <span class='ocrx_word' id='word_1_112' title='bbox 538 4013 672 4086; x_wconf 86' lang='lat' dir='ltr'>eadem</span> <span class='ocrx_word' id='word_1_113' title='bbox 691 4013 798 4086; x_wconf 86' lang='lat' dir='ltr'>arido</span> <span class='ocrx_word' id='word_1_114' title='bbox 825 4014 956 4087; x_wconf 86' lang='lat' dir='ltr'>nitrien</span> <span class='ocrx_word' id='word_1_115' title='bbox 989 4015 1176 4089; x_wconf 85' lang='lat' dir='ltr'>acidulata</span> <span class='ocrx_word' id='word_1_116' title='bbox 1204 4021 1360 4108; x_wconf 83' lang='lat' dir='ltr'>argento</span> <span class='ocrx_word' id='word_1_117' title='bbox 1380 4017 1512 4090; x_wconf 87' lang='lat' dir='ltr'>uitrico</span> <span class='ocrx_word' id='word_1_118' title='bbox 1537 4016 1594 4088; x_wconf 84' lang='lat' dir='ltr'>rix</span> 
     </span>
     <span class='ocr_line' id='line_1_24' title="bbox 398 4141 579 4213; baseline 0.006 -1"><span class='ocrx_word' id='word_1_119' title='bbox 398 4141 579 4213; x_wconf 87' lang='lat' dir='ltr'>turbetur.</span> 
     </span>
    </p>
   </div>
   <div class='ocr_carea' id='block_1_9' title="bbox 395 4287 1592 4763">
    <p class='ocr_par' dir='ltr' id='par_1_10' title="bbox 395 4287 1592 4763">
     <span class='ocr_line' id='line_1_25' title="bbox 504 4287 1592 4384; baseline 0.004 -26"><span class='ocrx_word' id='word_1_120' title='bbox 504 4287 741 4379; x_wconf 77' lang='lat' dir='ltr'>Magnesiam</span> <span class='ocrx_word' id='word_1_121' title='bbox 760 4292 980 4364; x_wconf 79' lang='lat' dir='ltr'>sulfuricurn</span> <span class='ocrx_word' id='word_1_122' title='bbox 997 4313 1082 4365; x_wconf 82' lang='lat' dir='ltr'>curn</span> <span class='ocrx_word' id='word_1_123' title='bbox 1099 4312 1199 4384; x_wconf 87' lang='lat' dir='ltr'>aqua</span> <span class='ocrx_word' id='word_1_124' title='bbox 1215 4296 1251 4363; x_wconf 93' lang='lat' dir='ltr'>et</span> <span class='ocrx_word' id='word_1_125' title='bbox 1264 4292 1381 4382; x_wconf 88' lang='lat' dir='ltr'>baryo</span> <span class='ocrx_word' id='word_1_126' title='bbox 1398 4291 1592 4364; x_wconf 85' lang='lat' dir='ltr'>carbonioo</span> 
     </span>
     <span class='ocr_line' id='line_1_26' title="bbox 397 4414 1592 4511; baseline 0.004 -27"><span class='ocrx_word' id='word_1_127' title='bbox 397 4414 599 4488; x_wconf 83' lang='lat' dir='ltr'>excedente</span> <span class='ocrx_word' id='word_1_128' title='bbox 624 4424 772 4492; x_wconf 83' lang='lat' dir='ltr'>coetum</span> <span class='ocrx_word' id='word_1_129' title='bbox 796 4420 981 4511; x_wconf 84' lang='lat' dir='ltr'>liquorem</span> <span class='ocrx_word' id='word_1_130' title='bbox 1006 4423 1192 4509; x_wconf 87' lang='lat' dir='ltr'>praebeat,</span> <span class='ocrx_word' id='word_1_131' title='bbox 1215 4420 1277 4510; x_wconf 91' lang='lat' dir='ltr'>qui</span> <span class='ocrx_word' id='word_1_132' title='bbox 1296 4419 1458 4492; x_wconf 84' lang='lat' dir='ltr'>filtratus</span> <span class='ocrx_word' id='word_1_133' title='bbox 1489 4424 1526 4492; x_wconf 92' lang='lat' dir='ltr'>et</span> <span class='ocrx_word' id='word_1_134' title='bbox 1549 4419 1592 4491; x_wconf 88' lang='lat' dir='ltr'>al</span> 
     </span>
     <span class='ocr_line' id='line_1_27' title="bbox 395 4541 1592 4637; baseline 0.005 -24"><span class='ocrx_word' id='word_1_135' title='bbox 395 4541 538 4614; x_wconf 75' lang='lat' dir='ltr'>storum</span> <span class='ocrx_word' id='word_1_136' title='bbox 559 4550 797 4637; x_wconf 70' lang='lat' dir='ltr'>evaporatus</span> <span class='ocrx_word' id='word_1_137' title='bbox 818 4545 1010 4618; x_wconf 85' lang='lat' dir='ltr'>residuum</span> <span class='ocrx_word' id='word_1_138' title='bbox 1031 4567 1132 4637; x_wconf 87' lang='lat' dir='ltr'>aqna</span> <span class='ocrx_word' id='word_1_139' title='bbox 1151 4546 1322 4636; x_wconf 86' lang='lat' dir='ltr'>solubile,</span> <span class='ocrx_word' id='word_1_140' title='bbox 1344 4545 1523 4621; x_wconf 87' lang='lat' dir='ltr'>alcalinae</span> <span class='ocrx_word' id='word_1_141' title='bbox 1543 4569 1592 4619; x_wconf 89' lang='lat' dir='ltr'>re·</span> 
     </span>
     <span class='ocr_line' id='line_1_28' title="bbox 396 4669 839 4763; baseline 0.005 -23"><span class='ocrx_word' id='word_1_142' title='bbox 396 4669 554 4741; x_wconf 83' lang='lat' dir='ltr'>aetionis</span> <span class='ocrx_word' id='word_1_143' title='bbox 576 4692 623 4742; x_wconf 93' lang='lat' dir='ltr'>ne</span> <span class='ocrx_word' id='word_1_144' title='bbox 643 4671 839 4763; x_wconf 88' lang='lat' dir='ltr'>relinquat.</span> 
     </span>
    </p>
   </div>
   <div class='ocr_carea' id='block_1_10' title="bbox 0 0 1754 5450">
    <p class='ocr_par' dir='ltr' id='par_1_11' title="bbox 0 0 1754 5450">
     <span class='ocr_line' id='line_1_29' title="bbox 0 0 1754 5450; baseline 0 5"><span class='ocrx_word' id='word_1_145' title='bbox 0 0 1754 5450; x_wconf 95' lang='lat' dir='ltr'> </span> 
     </span>
    </p>
   </div>
  </div>
 </body>
</html>
