3500 5450
903 586 1113 659 -Q-

569 912 1076 1023 Eoelraemm
1113 911 1442 1025 scillae.

516 1167 671 1241 Paretur
705 1190 725 1240 e
761 1168 883 1242 Bulbo
922 1168 1055 1243 Scillae
1094 1168 1233 1244 siccato
1273 1175 1309 1242 el
1343 1170 1538 1263 pulverato
1569 1173 1615 1240 ut

409 1296 622 1370 Extractum
640 1296 795 1370 Aconiti.

583 1843 1094 1954 Eoetraomm
1119 1840 1439 1954 secatis

825 1986 1179 2101 cornuti.

556 2250 801 2328 Extractum
824 2251 1176 2329 haemostaticum.
1196 2250 1447 2354 Ergotinum.

406 2443 503 2537 Rpe:
544 2442 682 2520 seculis
702 2446 845 2521 cornuti
865 2466 995 2547 grosse
1015 2443 1194 2546 pulvcrntt
1249 2452 1448 2541 prenarrata

1307 2577 1435 2642 centum
1528 2575 1606 2645 100

513 2698 644 2792 lugere
664 2700 702 2773 in
722 2706 946 2794 apparatum
965 2700 1221 2795 depulsorium
1242 2706 1278 2774 et
1297 2700 1448 2774 aliunde

541 2826 664 2928 Aque
683 2826 892 2905 destillatio
1054 2836 1253 2923 prannuuta
1272 2828 1428 2901 ducenta.
1525 2832 1606 2902 200

514 2957 661 3028 Macera
679 2978 747 3049 per
766 2956 965 3030 duodecim
984 2956 1111 3045 horas,
1132 2962 1213 3030 tum
1232 2956 1415 3049 liquidum
1435 2956 1605 3030 defluens

407 3082 537 3175 collige
557 3087 594 3156 el
611 3084 650 3156 in
669 3084 805 3157 balneo
826 3105 947 3176 aquae
969 3083 1221 3157 calefaciendo
1242 3084 1411 3175 coagula.

414 3210 416 3217 '
513 3211 681 3285 Residuo
701 3211 843 3285 sensim
863 3211 1013 3284 affunde

540 3336 661 3439 Aque
681 3335 889 3415 destinatae
1057 3345 1257 3435 pt'onnuota
1276 3343 1431 3410 trecenta.
1525 3339 1604 3410 300

513 3466 714 3560 Liquorem
742 3467 916 3557 guttatim
950 3467 1152 3538 stillantem
1186 3466 1315 3564 collige
1350 3471 1386 3537 et
1406 3466 1454 3537 ad
1474 3466 1605 3558 syrnpi

406 3595 690 3669 consistentiam
711 3596 952 3687 evaporando
967 3595 1105 3687 redige,
1126 3594 1213 3667 dein
1227 3594 1344 3667 misce
1360 3615 1447 3667 cum
1460 3593 1605 3685 liquido

404 3721 525 3813 prima
562 3723 814 3819 maceratione
853 3723 1019 3811 obtento,
1059 3724 1160 3815 quod
1197 3722 1346 3794 interim
1385 3745 1408 3793 a
1445 3722 1605 3813 coagulo

404 3854 516 3921 enato
531 3849 729 3923 tiltratione
751 3855 956 3942 separetur.

513 3970 733 4069 Liquoribus
754 3976 966 4049 commixtis
987 3977 1083 4049 adde

541 4098 795 4202 spiritualim
855 4102 1000 4198 triplam
1020 4103 1265 4199 quantitatem.

513 4229 619 4303 Stent
645 4230 797 4323 saepius
818 4231 996 4321 agitando
1029 4252 1097 4324 per
1128 4230 1258 4322 viginti
1291 4238 1453 4323 quatuor
1485 4232 1605 4305 horas

403 4359 484 4428 tum
523 4357 732 4430 sedimento
772 4357 945 4450 deposito
979 4358 1077 4430 filtra
1110 4363 1146 4430 et
1178 4358 1361 4450 liquorem
1393 4358 1432 4430 in
1465 4357 1605 4430 balneo

405 4503 526 4575 aquae
546 4484 786 4576 evaporando
806 4484 845 4555 in
865 4488 1070 4557 extractum
1092 4483 1255 4577 spissum
1273 4483 1409 4575 redige.

513 4610 654 4683 Solutio
683 4610 839 4683 extracti
866 4610 1018 4684 nonnisi
1057 4611 1194 4683 filtrata
1229 4611 1481 4702 dispensetur,
1518 4612 1549 4684 si
1583 4635 1608 4684 a

403 4738 550 4811 medico
569 4739 607 4810 in
626 4760 738 4812 usum
757 4738 1107 4831 hypodermalicum
1127 4739 1404 4831 praescribitur.
