3500 5450
634 576 842 650 ..57-

393 790 676 900 Chininum
702 788 1094 908 bisulluricum.

400 1001 611 1083 Chininum
637 1002 871 1082 sulfuricum
891 1008 1090 1082 neutrum.

251 1174 429 1271 Crystalli
448 1181 696 1273 prismaticae,
722 1182 839 1268 albae,
868 1181 1017 1268 nitidae,
1047 1180 1192 1271 saporis
1213 1182 1340 1271 amari,

142 1307 180 1378 in
195 1309 280 1379 aere
296 1309 491 1399 paululum
506 1309 732 1398 fatiscentes,
749 1331 849 1401 aqua
864 1309 1051 1382 destillata
1065 1306 1210 1379 facilius
1227 1330 1341 1400 quam

142 1434 180 1506 in
196 1435 328 1527 spiritu
348 1436 424 1507 vini
440 1436 630 1509 solubiles,
652 1436 796 1509 Solutio
813 1458 969 1529 aquosa,
984 1434 1184 1508 reactionis
1201 1436 1340 1525 acidae,

142 1562 265 1634 colore
286 1564 456 1635 caeruleo
476 1564 675 1638 ssuorescit.

252 1689 395 1762 Solutio
422 1712 567 1784 aquosa
586 1691 713 1782 diluta,
734 1714 834 1785 aqua
853 1692 970 1764 chlori
990 1696 1027 1765 et
1045 1690 1133 1763 dein
1153 1691 1343 1764 ammonia

144 1817 272 1890 addita
292 1820 457 1891 colorem
475 1818 630 1892 viridem
649 1819 778 1907 induit,
808 1819 924 1910 baryo
943 1818 1073 1891 nitriae
1094 1819 1217 1892 soluto
1237 1841 1342 1912 prae·

143 1944 335 2037 cipitatum
356 1946 494 2035 album,
528 1946 567 2018 in
601 1946 716 2018 acidis
749 1946 949 2019 insolubile
983 1946 1152 2038 deponit;
1187 1952 1341 2038 argento

142 2071 272 2145 uitrico
291 2094 339 2145 ne
360 2073 537 2146 turbetur.

253 2199 453 2274 Chininum
486 2200 746 2274 bisulfuricum
780 2202 886 2274 acido
925 2202 1104 2275 sulfurico
1138 2202 1197 2274 vel
1236 2201 1342 2274 acido

144 2327 275 2400 uitrico
296 2333 535 2401 concontrato
555 2327 814 2402 humectatum
832 2351 881 2401 ne
902 2331 1096 2403 coloretur.

254 2455 399 2544 Quodsi
415 2456 669 2547 decigramma
687 2478 802 2529 unam
818 2458 966 2548 (0100)
988 2457 1079 2530 salis
1099 2457 1139 2528 in
1159 2456 1341 2549 quinqua-

144 2582 247 2673 ginta
258 2583 483 2656 centimetris
497 2583 635 2656 cubicis
646 2586 713 2675 (50
725 2584 798 2676 CC)
816 2606 937 2677 aquae
954 2584 1161 2658 destillatae
1177 2584 1342 2670 solvitur,

145 2708 309 2804 quinque
339 2710 556 2785 centimetra
585 2711 715 2785 cubica
745 2712 783 2803 (5
798 2711 870 2805 CC)
906 2711 1021 2804 hujus
1059 2711 1257 2785 solutionis
1295 2710 1342 2783 ad

145 2858 338 2912 summum
374 2840 566 2932 requirant
599 2838 815 2912 centimetra
851 2840 984 2912 cubica
1013 2846 1174 2933 quatuor
1211 2840 1251 2930 (4
1271 2837 1344 2930 CC)

146 2967 375 3061 ammoniae,
413 2973 456 3040 ut
493 2967 743 3042 sedimentum
780 2967 901 3060 primo
940 2971 1093 3040 enatum
1130 2988 1260 3040 rursus
1299 2987 1345 3039 er

146 3093 288 3186 integro
309 3096 489 3168 solvatur.

256 3221 431 3296 Servetur
450 3245 542 3295 vase
563 3245 585 3294 a
605 3223 687 3295 luce
707 3229 904 3297 remotum.

376 3543 661 3653 Chininum
681 3545 1115 3661 ferro-uitricum.

147 3749 249 3841 Rpe:
284 3744 383 3825 lud
404 3748 521 3824 clirici
693 3757 894 3848 qrammuto
911 3752 1088 3847 sauciato
1294 3751 1346 3822 60

149 3877 254 3950 solve
273 3876 311 3949 in

286 4003 407 4105 Aquae
427 4001 635 4082 destillalac
693 4013 928 4103 mummolum
948 4007 1098 4101 quinque
1115 4006 1191 4077 mil-

748 4132 840 4205 libus
1241 4132 1347 4206 5000

150 4240 247 4314 adde

285 4365 384 4443 Ferri
404 4365 585 4467 pulvcraii
694 4376 892 4465 yrurnucuto
914 4369 1072 4466 triqiutc.
1297 4372 1347 4443 30

258 4496 463 4570 Miscellam
482 4497 605 4588 digere
626 4497 778 4589 saepius
802 4496 979 4588 agitando
999 4497 1037 4570 in
1057 4499 1194 4571 balneo
1215 4520 1347 4590 aquae,

151 4624 269 4696 donec
293 4623 431 4696 reaciio
456 4628 590 4696 cessat.
620 4624 821 4717 Liquidum
852 4624 975 4696 adhuc
1001 4625 1163 4698 calidum
1190 4626 1287 4698 liltra
1313 4631 1348 4698 et

151 4753 196 4822 ad
232 4751 511 4825 consistentiam
546 4750 674 4844 syrupi
702 4751 883 4825 tenuioris
913 4775 1083 4846 evapora.
1118 4753 1347 4845 Refrigerato
