3500 5450
655 539 891 614 —233—

170 761 217 831 ad
239 759 313 832 duo
334 757 549 833 centimetra
577 781 714 853 crassa,
755 765 862 865 extus
901 761 1014 850 fusca,
1052 759 1370 852 longitudinaliter

171 908 299 977 grosse
328 909 478 978 rugosa.
526 887 569 961 In
607 890 772 963 sectione
810 893 1027 963 transversa
1050 895 1206 981 apparet
1225 888 1369 980 lignum

169 1015 332 1087 centrale
371 1015 554 1104 citrinum,
579 1037 770 1108 porosum,
808 1037 931 1108 neque
969 1016 1163 1106 radiatum,
1211 1016 1366 1089 circum-

170 1141 298 1214 datum
318 1143 454 1216 cortice
470 1143 556 1231 lato,
577 1144 671 1235 albo,
691 1144 800 1216 lineis
819 1143 936 1217 fuscis
952 1142 1196 1216 concentricis
1216 1144 1368 1215 tenerri-

168 1269 241 1341 mis
261 1276 406 1343 ornato.
1255 1248 1257 1251 Ι

278 1396 457 1472 Fodiatur
475 1399 580 1472 radix
600 1400 764 1489 inodora
785 1400 931 1492 saporis
947 1399 1071 1488 amari,
1092 1421 1176 1472 sero
1188 1405 1368 1473 autumno

169 1528 205 1596 et
224 1524 318 1596 bene
339 1524 478 1598 siccata
496 1531 679 1599 servetur.

279 1651 497 1724 Detractum.

494 2030 671 2141 Radix
699 2029 1040 2141 Valerianos.

522 2259 720 2339 Rhizoma
759 2259 1014 2340 Valerianae.

289 2436 479 2510 Valeriana
499 2437 830 2534 portalatina,
849 2439 980 2532 planta
998 2440 1165 2515 rediviva
1183 2441 1368 2533 indigena,

170 2565 208 2636 in
228 2564 341 2656 silvis
362 2565 587 2655 nemoribus
608 2566 656 2637 ad
676 2588 786 2659 sepes
805 2567 994 2659 frequens.
1018 2567 1292 2641 Valerianaceaa.

280 2693 464 2767 Rhizoma
497 2694 676 2767 siccatum
705 2693 918 2787 obovatum,
957 2686 1071 2788 vulgo
1111 2696 1229 2770 caulis
1263 2695 1369 2769 lolio-

167 2843 326 2914 rumque
355 2799 523 2914 vesdgiis
553 2828 781 2914 coronatum,
810 2823 998 2896 interdurn
1023 2824 1290 2914 stotoniferum,
1322 2823 1370 2894 ad

151 2987 154 2992 ·
169 2955 329 3041 quatuor
340 2951 558 3023 centimetra
567 2951 730 3040 longum,
738 2950 812 3022 duo
823 2950 870 3022 ad
881 2950 950 3024 tria
961 2951 1181 3025 centimetra
1192 2973 1369 3040 crassum,

167 3077 269 3150 intus
289 3099 401 3171 saepe
418 3083 645 3169 excavatum,
666 3076 897 3150 extrinsecus
922 3079 1216 3153 subannulatnm
1245 3084 1281 3151 et
1304 3100 1370 3152 un·

169 3205 280 3297 dique
296 3205 460 3279 obsitum
475 3205 665 3278 radicibus
677 3204 947 3295 copiosissimis
967 3206 1097 3298 longis,
1109 3207 1155 3279 ad
1174 3207 1247 3278 duo
1264 3206 1369 3279 milli·

167 3340 286 3405 metra
306 3333 451 3422 crassis,
475 3332 663 3421 teretibus
673 3330 991 3422 longitudinaliter
1005 3333 1154 3424 striatis
1165 3334 1369 3425 fragilibus

169 3461 305 3532 coloris
324 3460 431 3533 lusci.
461 3458 596 3532 Odon‘s
627 3463 685 3531 est
705 3459 889 3551 specialis,
913 3460 1125 3551 fragrantis
1145 3461 1247 3534 haud
1267 3463 1369 3554 grati,

168 3589 315 3680 saporis
336 3586 900 3676 subdulcescenti-amaricantis,
921 3589 1122 3661 aromatici.

277 3717 319 3789 In
333 3716 497 3789 sectione
513 3719 731 3787 transversa
744 3713 965 3787 rhizomatis
981 3720 1147 3788 centrum
1164 3716 1370 3789 medullam

169 3845 449 3936 amplissimum,
478 3842 644 3935 margine
674 3841 905 3932 undulatam,
935 3841 1099 3914 cinctum
1137 3848 1194 3915 est
1232 3844 1369 3916 circulo

169 3977 330 4062 angusto
352 3970 488 4043 diffuso
517 3968 781 4042 fasciculorum
809 3969 898 4060 ligni
927 3969 1180 4061 inaequalium
1209 3975 1246 4043 et
1265 3970 1369 4044 hicce

169 4102 285 4169 strato
297 4097 808 4188 corticalitenui‚plerumque
820 4096 1368 4188 lusco,subresinoso-nitente.

169 4224 291 4297 Sectio
310 4230 525 4297 transversa
544 4222 712 4296 radicum
728 4225 893 4298 ostendit
907 4224 1049 4316 lignum
1066 4225 1228 4298 centrale
1248 4230 1368 4316 tenue,

169 4352 438 4425 circumdatum
457 4351 592 4423 cortice
611 4350 699 4423 lato.

277 4481 453 4553 Fodiatur
467 4478 573 4550 radix
590 4499 676 4550 vere
686 4479 726 4550 in
740 4479 832 4552 locis
843 4480 1032 4552 montanis
1049 4481 1166 4552 siccis.
1178 4479 1370 4553 Servanda

168 4607 327 4679 invasis
346 4607 441 4678 hene
462 4605 614 4679 clausis.

279 4733 460 4806 Tinctum.
