3500 5450
897 558 1113 632 ..38-

406 781 543 855 filtrata
566 781 751 874 liquorem
774 779 964 873 praebeat,
991 777 1100 870 qu'us
1121 800 1210 871 pars
1230 799 1308 850 una
1326 798 1396 851 nec
1415 773 1614 849 ammonia

407 909 630 999 abundanti,
650 929 720 981 nec
740 929 841 1001 aqua
859 907 1166 999 hydrosulfurata
1190 906 1318 978 addita
1329 906 1518 979 coloretur
1543 907 1613 976 aut

335 1034 337 1039 ’
406 1039 596 1128 turbetur,
634 1057 724 1128 pars
767 1037 886 1109 altera
928 1035 976 1107 ad
1009 1033 1150 1107 siccum
1179 1040 1381 1127 evaporata
1412 1032 1612 1106 residuum

406 1167 551 1239 nullum
568 1163 764 1256 relinquat.

516 1291 693 1365 Servetur
710 1290 793 1363 luce
811 1297 1009 1365 remotum.
1084 1338 1085 1341 κ

407 1586 868 1718 Aruernorum
881 1579 1280 1691 enimcum
1293 1576 1608 1714 furum.

825 1769 951 1872 Lapis
973 1768 1194 1848 infernalia.

407 1930 509 2024 Rpe:
539 1928 691 2032 Argenti
710 1925 842 2004 uitrici·
854 1925 1092 2026 crystalllsntl
1313 1947 1347 2017 q.
1367 1947 1401 1996 v.

408 2057 554 2131 calefiat
592 2058 631 2129 in
666 2077 757 2130 vase
795 2055 1043 2149 porcellane0,
1077 2053 1197 2126 donec
1228 2072 1357 2124 massa
1389 2052 1460 2124 olei
1494 2051 1614 2122 instar

409 2185 566 2274 fluxerit,
587 2185 681 2257 haec
701 2184 914 2259 effundatur
931 2182 971 2254 in
990 2181 1184 2254 modulum
1203 2181 1365 2253 ferreum
1382 2180 1479 2251 bene
1501 2198 1613 2249 mun-

409 2312 539 2384 datum
559 2333 602 2383 ac
622 2312 860 2404 tepefactum,
882 2310 1173 2402 quibacillorum
1191 2309 1332 2379 formas
1352 2307 1477 2380 habet.

517 2438 644 2511 Bacilli
662 2438 844 2530 refrigrati
862 2438 938 2510 sint
957 2436 1032 2508 albi
1045 2436 1105 2508 vel
1121 2434 1406 2524 cinerescentes,
1425 2435 1617 2507 fracturae

408 2566 575 2639 radiatae
610 2564 846 2656 crystallinae
881 2569 917 2637 et
949 2564 1050 2636 omni
1083 2562 1197 2636 modo
1232 2583 1321 2653 erga
1352 2563 1546 2654 reagentia
1576 2583 1618 2632 se

409 2693 586 2784 habeant,
607 2696 649 2766 ut
668 2696 865 2784 argentum
883 2692 1057 2765 uitricum
1077 2691 1378 2783 crystallisatum.

519 2821 692 2894 Servetur
710 2821 749 2892 in
768 2842 859 2893 vase
879 2821 953 2892 luci
971 2819 1162 2912 impervio,

432 3108 728 3251 Argentum
756 3107 1012 3213 uitricum
1040 3139 1162 3213 curn
1188 3103 1342 3212 llalin
1370 3102 1588 3217 nitricu.

704 3299 830 3402 Lapis
853 3297 1060 3376 infernalis
1083 3297 1300 3402 mitigatus.

409 3457 508 3549 Rpe:
520 3453 669 3555 Argenti
682 3454 804 3532 uitrici
820 3453 1057 3555 crystalllsatl
1071 3464 1268 3553 mammaea
1287 3455 1396 3528 decem
1564 3454 1613 3525 10
1720 3525 1721 3544 ᾖ

519 3579 616 3659 Rulli
635 3581 759 3659 uitrici
1070 3590 1265 3680 §ruminata
1284 3583 1418 3680 viciati.
1558 3580 1613 3654 20

516 3711 648 3786 intime
673 3711 801 3800 mixta,
830 3711 870 3783 in
894 3731 985 3784 vase
1006 3711 1241 3802 porcellaneo
1263 3715 1371 3784 caute
1395 3708 1549 3800 liquata,
1574 3708 1614 3779 in

407 3841 628 3915 bacillorum
645 3840 806 3911 formam
824 3838 952 3912 funde.

516 3967 644 4040 Bacilli
668 3966 751 4055 albi,
773 3965 866 4055 duri,
885 3965 990 4038 fracti
1015 3964 1252 4058 superficiem
1272 3963 1525 4057 crystallinam
1550 3963 1614 4034 rix
1720 3949 1721 3952 '

408 4097 627 4190 praebeant.

520 4223 698 4295 Gramma
722 4242 841 4294 unum
864 4221 903 4292 in
928 4219 1057 4312 viginti
1082 4219 1307 4292 centimetris
1328 4219 1467 4292 cubicis
1489 4240 1614 4312 aquae

410 4350 617 4423 destillatae
670 4349 837 4421 solutum
889 4352 926 4421 et
977 4368 1064 4420 cum
1115 4345 1390 4438 centigrammis
1435 4347 1617 4420 undecim

411 4478 545 4569 (tt-110
571 4479 680 4569 grin.)
729 4476 839 4549 natrii
874 4474 1032 4547 chlorati
1074 4494 1175 4566 aqua
1215 4471 1329 4546 soluti
1360 4473 1618 4546 calefaciendo

307 4675 310 4680 ,
409 4604 576 4693 mixtum,
607 4605 791 4696 liquorem
818 4603 1007 4696 praebeat,
1029 4602 1093 4694 qui
1112 4603 1284 4690 filtratuS,
1307 4605 1460 4693 argento
1480 4602 1619 4675 nitrico

409 4732 548 4822 addito,
569 4753 647 4805 non
667 4732 829 4825 amplius
849 4731 1032 4804 turbetur.
