3500 5450
635 546 878 617 -nmm

160 765 290 856 primis
311 763 517 835 Bosuetlioe
542 761 696 835 Cariati
714 763 954 836 Birdwood
971 767 1007 835 et
1021 762 1226 834 Bosnellioe
1240 761 1363 834 Rhon-

159 890 344 985 Dojionae
367 890 623 978 Birdlvood,
663 892 838 963 arborum
881 891 1139 982 indigenarum
1158 890 1197 962 in
1224 889 1362 963 Arabia

161 1019 314 1092 australi
363 1023 400 1091 et
444 1019 482 1091 in
519 1019 670 1110 regione
710 1018 931 1091 Somaliensi
968 1018 1112 1089 Africae
1161 1017 1359 1090 orientalis.

161 1145 407 1218 Burseroceoe.

272 1273 441 1346 Occurrit
479 1273 517 1345 in
556 1274 683 1365 granis
724 1273 965 1364 subglobosis
996 1274 1054 1345 vel
1084 1274 1267 1365 oblongis
1293 1272 1366 1364 pisi

162 1399 212 1470 ad
247 1421 439 1472 summum
477 1400 584 1473 nucis
619 1399 811 1492 juglandis
841 1400 1108 1490 magnitudine,
1148 1400 1363 1472 albo-ssave·

165 1527 358 1599 scentibus
387 1528 445 1599 vel
475 1527 755 1616 flavo-rubelliS,
796 1532 903 1599 extus
933 1527 1366 1620 abido-pulverulentis,

165 1654 278 1744 dun'S,
297 1654 500 1746 fragilibus
521 1655 742 1729 infractura
762 1654 948 1727 conchata
968 1675 1077 1727 cerae
1101 1655 1222 1727 instar
1240 1654 1359 1726 niten-

163 1781 275 1871 tibus,
293 1782 334 1854 in
347 1782 566 1874 fragmentis
583 1780 759 1855 tenuibus
775 1783 995 1875 plerumque
1016 1782 1137 1869 claris
1157 1781 1363 1874 pellucidis,

164 1910 291 1982 odoris
311 1910 453 1999 debilis,
475 1931 589 2001 super
607 1912 738 2003 prunis
769 1910 966 1982 balsamici
992 1910 1190 1998 notissimi,
1219 1909 1366 2002 saporis

166 2037 416 2111 amariusculi.

274 2164 470 2237 Masticata
489 2164 771 2256 gummi-resina
789 2165 973 2238 mollescit
987 2171 1023 2239 et
1039 2187 1208 2238 massam
1231 2166 1366 2252 albam,

167 2292 480 2384 subglutinosam,
501 2314 599 2385 aqua
618 2293 704 2365 trita
724 2293 971 2365 emulsionem
992 2294 1117 2366 albam
1137 2293 1305 2386 praebet.

276 2418 520 2515 Emplosbum
539 2443 769 2516 oxycroceum.

611 2710 931 2845 omum.

280 2929 446 3024 Papauer
464 2930 694 3025 somniferam
713 2932 846 3020 Linn,
867 2932 996 3025 planta
1010 2953 1146 3020 annua,
1164 2931 1201 3002 in
1217 2929 1366 3002 Oriente

170 3057 348 3148 indigena
367 3058 490 3151 ibique
510 3059 670 3131 maxime
692 3060 801 3132 culta.
823 3059 1096 3154 Papavcroccae.

279 3183 422 3258 Succos
442 3185 596 3272 lacteus
629 3185 668 3258 in
686 3186 778 3258 Asia
811 3187 955 3258 minore
990 3207 1010 3258 e
1041 3186 1207 3279 capsulis
1236 3184 1368 3256 imma·

167 3310 259 3383 turis
298 3313 503 3386 vulneratis
552 3313 696 3388 elicitus
745 3322 906 3407 aereque
944 3315 1154 3387 induratus.
1201 3311 1371 3385 Occurrit

166 3439 388 3532 plerumque
416 3441 454 3513 in
479 3441 661 3533 placentis
690 3443 803 3534 paulo
824 3443 1063 3535 compressis,
1094 3439 1369 3513 disciformibus

167 3572 233 3640 aut
265 3567 518 3660 subglobosis,
553 3569 642 3641 folio
675 3570 874 3662 papaveris
909 3576 1082 3643 accurate
1116 3566 1295 3640 involutis
1334 3570 1371 3638 et

168 3695 349 3768 lructibus
394 3696 548 3768 rumicis
610 3695 749 3788 speciei
805 3718 1081 3789 nonnunquam
1138 3694 1368 3787 conspersis,

169 3823 355 3895 Recentes
366 3829 454 3896 sunt
464 3823 661 3911 molliores
678 3822 778 3895 intus
790 3824 927 3897 coloris
942 3823 1163 3908 davo-lusci,
1179 3821 1369 3906 humidae,

168 3956 331 4038 tenaces,
351 3950 570 4041 glutinosae,
591 3948 800 4023 exsiccatae
821 3952 948 4039 durae,
974 3952 1013 4023 ln
1040 3950 1206 4023 fractura
1234 3969 1369 4039 granu-

169 4076 247 4150 lata
281 4098 327 4149 ex
349 4078 462 4151 rubro
496 4079 641 4166 fuscae,
671 4078 796 4151 odoris
829 4078 969 4172 proprii
997 4076 1193 4166 narcotici,
1224 4074 1371 4168 saporis

170 4205 345 4278 amanet
365 4207 472 4280 acris.

279 4332 407 4407 Pulvis
436 4354 456 4406 e
485 4333 583 4405 ssavo
617 4333 757 4419 fuscus,
782 4331 1031 4424 microseopio
1062 4333 1288 4425 exploratus
1323 4349 1370 4400 ne

169 4460 351 4553 praebeat
369 4483 487 4552 grana
506 4460 619 4552 amyli
639 4480 735 4532 neve
754 4458 958 4551 particulas
977 4458 1137 4551 aliciu'us
1152 4458 1246 4531 telae
1262 4477 1371 4547 vege-

169 4588 294 4661 tabilis
332 4588 494 4680 exceptis
532 4586 730 4680 perpaucis
764 4586 983 4677 fragmentis
1024 4585 1190 4679 epitbelii
1228 4585 1370 4656 fruetus

169 4715 382 4807 papaveris.
