3500 5450
901 524 1113 599 „54-

405 743 501 817 fusci
534 744 698 837 praebet,
744 766 841 837 quae
870 767 970 837 aqua
1004 745 1121 818 diluta
1165 744 1291 817 addito
1324 746 1421 818 ferro
1457 746 1624 838 sesqui·

405 869 576 944 clrlorato
597 872 762 945 colorem
781 871 938 946 viridem
958 872 1069 947 ducit.

515 997 763 1072 Combustum
801 999 968 1073 Catechu
1005 999 1139 1074 cineris
1177 1021 1224 1072 ne
1261 1000 1349 1093 plus
1387 1021 1506 1093 quarn
1547 1017 1625 1069 sex

403 1130 531 1218 partes
551 1148 598 1200 ex
617 1128 786 1220 partibus
808 1131 959 1200 centurn
977 1127 1173 1220 relinquat.

516 1253 693 1326 Tincturu.

704 1574 900 1685 Gaulos
925 1575 1301 1685 lluloamurae.

772 1786 937 1891 Stipites
959 1786 1243 1867 Duloamarae.

513 1979 681 2055 Solumcm
696 1980 918 2054 Dulcamoru
937 1982 1083 2073 Linn,
1103 1983 1283 2056 suffiutex
1304 1983 1495 2086 scandens
1518 1979 1624 2053 indi-

405 2130 539 2201 genus
567 2106 789 2182 Solanuceuc.

514 2236 650 2311 Caules
682 2237 839 2309 biennes
868 2241 935 2309 aut
953 2236 1130 2326 triennes,
1164 2238 1284 2330 primo
1313 2260 1400 2312 vere
1429 2237 1490 2311 vel
1523 2257 1622 2310 sero

404 2369 586 2437 autumno
608 2363 751 2437 collecti
771 2369 808 2438 et
829 2365 957 2437 siccati
976 2364 1145 2454 flexuosi,
1175 2388 1289 2458 saepe
1308 2366 1405 2455 torti,
1435 2366 1622 2439 obsolete

402 2491 617 2583 pentagoni,
632 2491 804 2565 foliorum
819 2491 1053 2565 cicatricibus
1069 2493 1221 2566 alternis
1237 2494 1366 2583 notati,
1382 2496 1552 2585 quatuor
1565 2490 1621 2562 ad

403 2623 487 2690 octo
521 2619 731 2692 millimetra
755 2620 884 2709 crassi,
912 2618 1231 2711 longitudinaliter
1259 2620 1391 2693 sulcati
1411 2625 1448 2692 et
1461 2618 1619 2711 rugosi,

402 2746 488 2837 plus
512 2747 636 2820 minus
662 2746 853 2819 lentieellis
872 2747 1081 2837 Verrucosi,
1101 2748 1349 2841 peridermate
1374 2749 1476 2821 tenui
1497 2748 1621 2820 facile

401 2873 601 2966 separabili
640 2896 660 2948 e
699 2873 879 2946 subviridi
916 2875 974 2947 vel
1014 2897 1033 2948 e
1074 2876 1255 2948 subfusco
1289 2876 1398 2965 ssavo
1436 2881 1620 2960 tenaceS,

402 3000 623 3093 plerumque
639 3000 811 3091 fistulosi,
832 3003 979 3094 saporis
995 3003 1158 3095 primurn
1174 3003 1302 3092 amari,
1318 3003 1452 3076 deinde
1470 3002 1619 3090 duleiS,

401 3125 465 3197 diu
484 3127 658 3200 faucibus
678 3127 920 3201 inhaerentis

509 3254 631 3328 Sectio
660 3260 882 3329 transversa
902 3257 1067 3331 ostendit
1087 3258 1261 3331 corticem
1282 3263 1499 3350 angustum,
1521 3259 1618 3331 viri-

400 3380 486 3453 dem
519 3387 555 3455 et
579 3382 723 3472 lignum
756 3384 982 3475 subflavum,
1015 3385 1213 3474 radiatum,
1244 3407 1376 3477 grosse
1410 3407 1617 3478 porosum,

398 3507 586 3581 medullae
607 3509 714 3581 albae
733 3512 891 3603 vestigia
910 3512 1117 3590 includens.

842 3868 1153 3979 mmmm.

424 4071 428 4084 ·
504 4054 641 4127 Frusta
673 4055 818 4147 fragilia
851 4057 891 4129 in
923 4059 1087 4131 tenuiori
1124 4063 1243 4131 strato
1282 4057 1487 4150 diaplrana,
1529 4060 1607 4132 sub

395 4202 530 4253 manus
546 4182 671 4255 calore
686 4183 855 4275 plastica,
875 4185 1029 4257 mininie
1048 4186 1203 4274 lubrica,
1224 4186 1345 4259 calore
1361 4184 1506 4258 circiter
1521 4188 1601 4258 640

394 4308 618 4400 liquescant,
649 4309 740 4401 quin
774 4333 951 4403 spumam
986 4311 1136 4403 ejiciant
1163 4313 1222 4385 vel
1256 4312 1508 4386 sedimentunr
1539 4314 1605 4386 de-

392 4441 549 4528 ponant.
571 4436 726 4510 Pondus
747 4438 965 4531 specificum
985 4439 1291 4513 uena-oola

502 4564 635 4637 Caram
655 4564 694 4636 in
715 4565 855 4656 globuli
874 4566 1034 4639 formam
1054 4568 1255 4655 redactam,
1282 4590 1378 4660 quae
1403 4568 1441 4640 in
1462 4568 1599 4661 spiritu

391 4690 467 4763 vini
498 4692 680 4784 ponderis
718 4692 883 4786 specifici
913 4695 1208 4769 0·955-0·960
1237 4695 1349 4768 bullis
1378 4696 1501 4769 aereis
1534 4698 1599 4769 ad·
