<?xml version="1.0" encoding="UTF-8"?>
<!DOCTYPE html PUBLIC "-//W3C//DTD XHTML 1.0 Transitional//EN"
    "http://www.w3.org/TR/xhtml1/DTD/xhtml1-transitional.dtd">
<html xmlns="http://www.w3.org/1999/xhtml" xml:lang="en" lang="en">
 <head>
  <title>
</title>
<meta http-equiv="Content-Type" content="text/html;charset=utf-8" />
  <meta name='ocr-system' content='tesseract 3.04.00' />
  <meta name='ocr-capabilities' content='ocr_page ocr_carea ocr_par ocr_line ocrx_word'/>
</head>
<body>
  <div class='ocr_page' id='page_1' title='image "./pharmacopoeaaus02unkngoog_0074.png"; bbox 0 0 3500 5450; ppageno 0'>
   <div class='ocr_carea' id='block_1_1' title="bbox 917 530 1181 602">
    <p class='ocr_par' dir='ltr' id='par_1_1' title="bbox 917 530 1181 602">
     <span class='ocr_line' id='line_1_1' title="bbox 917 530 1181 602; baseline -0.011 -22"><span class='ocrx_word' id='word_1_1' title='bbox 917 530 1181 602; x_wconf 67' lang='lat'>„50-.</span> 
     </span>
    </p>
   </div>
   <div class='ocr_carea' id='block_1_2' title="bbox 863 848 1184 991">
    <p class='ocr_par' dir='ltr' id='par_1_2' title="bbox 863 848 1184 991">
     <span class='ocr_line' id='line_1_2' title="bbox 863 848 1184 991; baseline -0.003 -33"><span class='ocrx_word' id='word_1_2' title='bbox 863 848 1184 991; x_wconf 78' lang='lat' dir='ltr'>camphora.</span> 
     </span>
    </p>
   </div>
   <div class='ocr_carea' id='block_1_3' title="bbox 422 1072 1631 3080">
    <p class='ocr_par' dir='ltr' id='par_1_3' title="bbox 426 1072 1631 1296">
     <span class='ocr_line' id='line_1_3' title="bbox 538 1072 1631 1170; baseline -0.002 -25"><span class='ocrx_word' id='word_1_3' title='bbox 538 1074 810 1148; x_wconf 80' lang='lat' dir='ltr'>Cinnamomum</span> <span class='ocrx_word' id='word_1_4' title='bbox 854 1072 1052 1170; x_wconf 73' lang='lat' dir='ltr'>Canephoru</span> <span class='ocrx_word' id='word_1_5' title='bbox 1089 1073 1215 1146; x_wconf 89' lang='lat' dir='ltr'>Nees</span> <span class='ocrx_word' id='word_1_6' title='bbox 1255 1079 1290 1145; x_wconf 91' lang='lat' dir='ltr'>et</span> <span class='ocrx_word' id='word_1_7' title='bbox 1326 1072 1631 1157; x_wconf 84' lang='lat' dir='ltr'>Ebermaier.</span> 
     </span>
     <span class='ocr_line' id='line_1_4' title="bbox 426 1198 1417 1296; baseline 0 -24"><span class='ocrx_word' id='word_1_8' title='bbox 426 1201 540 1273; x_wconf 87' lang='lat' dir='ltr'>arbor</span> <span class='ocrx_word' id='word_1_9' title='bbox 558 1202 596 1274; x_wconf 94' lang='lat' dir='ltr'>in</span> <span class='ocrx_word' id='word_1_10' title='bbox 616 1202 736 1276; x_wconf 81' lang='lat' dir='ltr'>Cliina</span> <span class='ocrx_word' id='word_1_11' title='bbox 756 1209 792 1275; x_wconf 90' lang='lat' dir='ltr'>et</span> <span class='ocrx_word' id='word_1_12' title='bbox 811 1202 971 1296; x_wconf 83' lang='lat' dir='ltr'>leponia</span> <span class='ocrx_word' id='word_1_13' title='bbox 989 1201 1176 1291; x_wconf 79' lang='lat' dir='ltr'><strong>indigena.</strong></span> <span class='ocrx_word' id='word_1_14' title='bbox 1202 1198 1417 1272; x_wconf 83' lang='lat' dir='ltr'>Lauroceae.</span> 
     </span>
    </p>

    <p class='ocr_par' dir='ltr' id='par_1_4' title="bbox 422 1327 1631 1804">
     <span class='ocr_line' id='line_1_5' title="bbox 537 1327 1631 1422; baseline 0 -22"><span class='ocrx_word' id='word_1_15' title='bbox 537 1328 837 1422; x_wconf 84' lang='lat' dir='ltr'>Stearoptenum,</span> <span class='ocrx_word' id='word_1_16' title='bbox 868 1351 889 1401; x_wconf 92' lang='lat' dir='ltr'>e</span> <span class='ocrx_word' id='word_1_17' title='bbox 917 1329 1073 1422; x_wconf 73' lang='lat' dir='ltr'>paribus</span> <span class='ocrx_word' id='word_1_18' title='bbox 1095 1327 1238 1399; x_wconf 87' lang='lat' dir='ltr'>arboris</span> <span class='ocrx_word' id='word_1_19' title='bbox 1263 1327 1436 1400; x_wconf 85' lang='lat' dir='ltr'>dissectis</span> <span class='ocrx_word' id='word_1_20' title='bbox 1463 1327 1631 1401; x_wconf 86' lang='lat' dir='ltr'>destilla-</span> 
     </span>
     <span class='ocr_line' id='line_1_6' title="bbox 422 1454 1630 1549; baseline -0.002 -20"><span class='ocrx_word' id='word_1_21' title='bbox 422 1457 523 1530; x_wconf 82' lang='lat' dir='ltr'>tione</span> <span class='ocrx_word' id='word_1_22' title='bbox 563 1478 648 1529; x_wconf 89' lang='lat' dir='ltr'>cum</span> <span class='ocrx_word' id='word_1_23' title='bbox 682 1478 781 1549; x_wconf 86' lang='lat' dir='ltr'>aqua</span> <span class='ocrx_word' id='word_1_24' title='bbox 818 1457 1014 1530; x_wconf 89' lang='lat' dir='ltr'>obtentum</span> <span class='ocrx_word' id='word_1_25' title='bbox 1047 1461 1083 1529; x_wconf 91' lang='lat' dir='ltr'>et</span> <span class='ocrx_word' id='word_1_26' title='bbox 1116 1454 1379 1528; x_wconf 80' lang='lat' dir='ltr'>sublimatione</span> <span class='ocrx_word' id='word_1_27' title='bbox 1412 1460 1630 1548; x_wconf 82' lang='lat' dir='ltr'>purgatum,</span> 
     </span>
     <span class='ocr_line' id='line_1_7' title="bbox 422 1581 1631 1676; baseline -0.001 -21"><span class='ocrx_word' id='word_1_28' title='bbox 422 1588 568 1676; x_wconf 86' lang='lat' dir='ltr'>prostat</span> <span class='ocrx_word' id='word_1_29' title='bbox 600 1583 637 1655; x_wconf 92' lang='lat' dir='ltr'>in</span> <span class='ocrx_word' id='word_1_30' title='bbox 666 1582 846 1676; x_wconf 85' lang='lat' dir='ltr'>placentis</span> <span class='ocrx_word' id='word_1_31' title='bbox 876 1581 1149 1656; x_wconf 85' lang='lat' dir='ltr'>orbicularibus</span> <span class='ocrx_word' id='word_1_32' title='bbox 1180 1582 1561 1671; x_wconf 73' lang='lat' dir='ltr'>concavo-convexis</span> <span class='ocrx_word' id='word_1_33' title='bbox 1597 1582 1631 1654; x_wconf 89' lang='lat' dir='ltr'>in</span> 
     </span>
     <span class='ocr_line' id='line_1_8' title="bbox 422 1710 773 1804; baseline 0.006 -22"><span class='ocrx_word' id='word_1_34' title='bbox 422 1711 546 1784; x_wconf 91' lang='lat' dir='ltr'>medio</span> <span class='ocrx_word' id='word_1_35' title='bbox 566 1710 773 1804; x_wconf 80' lang='lat' dir='ltr'>perforatis.</span> 
     </span>
    </p>

    <p class='ocr_par' dir='ltr' id='par_1_5' title="bbox 422 1837 1631 2696">
     <span class='ocr_line' id='line_1_9' title="bbox 534 1837 1631 1929; baseline 0.001 -20"><span class='ocrx_word' id='word_1_36' title='bbox 534 1837 753 1910; x_wconf 79' lang='lat' dir='ltr'>Substantia</span> <span class='ocrx_word' id='word_1_37' title='bbox 781 1837 1229 1929; x_wconf 82' lang='lat' dir='ltr'>granuloso-crystalliua,</span> <span class='ocrx_word' id='word_1_38' title='bbox 1265 1838 1367 1923; x_wconf 90' lang='lat' dir='ltr'>alba,</span> <span class='ocrx_word' id='word_1_39' title='bbox 1402 1837 1438 1909; x_wconf 95' lang='lat' dir='ltr'>in</span> <span class='ocrx_word' id='word_1_40' title='bbox 1458 1838 1631 1910; x_wconf 79' lang='lat' dir='ltr'>frustulis</span> 
     </span>
     <span class='ocr_line' id='line_1_10' title="bbox 424 1964 1631 2058; baseline 0 -22"><span class='ocrx_word' id='word_1_41' title='bbox 424 1965 550 2058; x_wconf 87' lang='lat' dir='ltr'>parvis</span> <span class='ocrx_word' id='word_1_42' title='bbox 580 1964 742 2052; x_wconf 91' lang='lat' dir='ltr'>decolor,</span> <span class='ocrx_word' id='word_1_43' title='bbox 778 1964 979 2058; x_wconf 87' lang='lat' dir='ltr'>diaphana,</span> <span class='ocrx_word' id='word_1_44' title='bbox 1011 1969 1113 2037; x_wconf 88' lang='lat' dir='ltr'>tactu</span> <span class='ocrx_word' id='word_1_45' title='bbox 1143 1971 1179 2037; x_wconf 90' lang='lat' dir='ltr'>et</span> <span class='ocrx_word' id='word_1_46' title='bbox 1203 1964 1322 2036; x_wconf 89' lang='lat' dir='ltr'>nitore</span> <span class='ocrx_word' id='word_1_47' title='bbox 1355 1965 1631 2057; x_wconf 80' lang='lat' dir='ltr'>pinguiusculo,</span> 
     </span>
     <span class='ocr_line' id='line_1_11' title="bbox 423 2091 1630 2185; baseline 0.001 -21"><span class='ocrx_word' id='word_1_48' title='bbox 423 2092 561 2184; x_wconf 77' lang='lat' dir='ltr'>fragilis</span> <span class='ocrx_word' id='word_1_49' title='bbox 589 2097 625 2165; x_wconf 92' lang='lat' dir='ltr'>et</span> <span class='ocrx_word' id='word_1_50' title='bbox 644 2091 808 2178; x_wconf 79' lang='lat' dir='ltr'>friabilis,</span> <span class='ocrx_word' id='word_1_51' title='bbox 828 2092 924 2165; x_wconf 91' lang='lat' dir='ltr'>inter</span> <span class='ocrx_word' id='word_1_52' title='bbox 944 2093 1075 2165; x_wconf 87' lang='lat' dir='ltr'>dentes</span> <span class='ocrx_word' id='word_1_53' title='bbox 1094 2092 1293 2181; x_wconf 73' lang='lat' dir='ltr'>subleuari,</span> <span class='ocrx_word' id='word_1_54' title='bbox 1314 2092 1459 2185; x_wconf 86' lang='lat' dir='ltr'>saporis</span> <span class='ocrx_word' id='word_1_55' title='bbox 1480 2115 1630 2165; x_wconf 89' lang='lat' dir='ltr'>aroma-</span> 
     </span>
     <span class='ocr_line' id='line_1_12' title="bbox 425 2218 1630 2312; baseline 0.001 -20"><span class='ocrx_word' id='word_1_56' title='bbox 425 2219 484 2292; x_wconf 86' lang='lat' dir='ltr'>tici</span> <span class='ocrx_word' id='word_1_57' title='bbox 501 2219 749 2308; x_wconf 73' lang='lat' dir='ltr'>amaricantis</span> <span class='ocrx_word' id='word_1_58' title='bbox 769 2218 1033 2312; x_wconf 90' lang='lat' dir='ltr'>primumcum</span> <span class='ocrx_word' id='word_1_59' title='bbox 1054 2219 1199 2307; x_wconf 88' lang='lat' dir='ltr'>caloris,</span> <span class='ocrx_word' id='word_1_60' title='bbox 1219 2224 1353 2312; x_wconf 89' lang='lat' dir='ltr'>postea</span> <span class='ocrx_word' id='word_1_61' title='bbox 1371 2242 1458 2292; x_wconf 90' lang='lat' dir='ltr'>vero</span> <span class='ocrx_word' id='word_1_62' title='bbox 1479 2220 1630 2311; x_wconf 82' lang='lat' dir='ltr'>trigoris</span> 
     </span>
     <span class='ocr_line' id='line_1_13' title="bbox 424 2346 1631 2440; baseline 0.001 -21"><span class='ocrx_word' id='word_1_63' title='bbox 424 2368 550 2436; x_wconf 88' lang='lat' dir='ltr'>seusu,</span> <span class='ocrx_word' id='word_1_64' title='bbox 562 2347 686 2420; x_wconf 87' lang='lat' dir='ltr'>odoris</span> <span class='ocrx_word' id='word_1_65' title='bbox 706 2346 903 2439; x_wconf 86' lang='lat' dir='ltr'>peculiaris</span> <span class='ocrx_word' id='word_1_66' title='bbox 922 2346 1162 2440; x_wconf 87' lang='lat' dir='ltr'>penetrantis,</span> <span class='ocrx_word' id='word_1_67' title='bbox 1172 2352 1424 2440; x_wconf 84' lang='lat' dir='ltr'>temperatura</span> <span class='ocrx_word' id='word_1_68' title='bbox 1440 2348 1631 2420; x_wconf 84' lang='lat' dir='ltr'>ordinaria</span> 
     </span>
     <span class='ocr_line' id='line_1_14' title="bbox 422 2473 1630 2566; baseline 0.003 -20"><span class='ocrx_word' id='word_1_69' title='bbox 422 2475 521 2548; x_wconf 89' lang='lat' dir='ltr'>lente</span> <span class='ocrx_word' id='word_1_70' title='bbox 532 2474 694 2566; x_wconf 88' lang='lat' dir='ltr'>quidem,</span> <span class='ocrx_word' id='word_1_71' title='bbox 705 2476 772 2548; x_wconf 95' lang='lat' dir='ltr'>sed</span> <span class='ocrx_word' id='word_1_72' title='bbox 783 2474 863 2547; x_wconf 89' lang='lat' dir='ltr'>sine</span> <span class='ocrx_word' id='word_1_73' title='bbox 878 2475 955 2547; x_wconf 92' lang='lat' dir='ltr'>ullo</span> <span class='ocrx_word' id='word_1_74' title='bbox 971 2474 1122 2548; x_wconf 91' lang='lat' dir='ltr'>residuo</span> <span class='ocrx_word' id='word_1_75' title='bbox 1138 2473 1346 2565; x_wconf 83' lang='lat' dir='ltr'>aufugiens,</span> <span class='ocrx_word' id='word_1_76' title='bbox 1360 2476 1630 2551; x_wconf 85' lang='lat' dir='ltr'>sublimatione</span> 
     </span>
     <span class='ocr_line' id='line_1_15' title="bbox 423 2602 1294 2696; baseline 0.001 -21"><span class='ocrx_word' id='word_1_77' title='bbox 423 2604 606 2696; x_wconf 83' lang='lat' dir='ltr'>praebens</span> <span class='ocrx_word' id='word_1_78' title='bbox 626 2603 824 2695; x_wconf 83' lang='lat' dir='ltr'>crystallus</span> <span class='ocrx_word' id='word_1_79' title='bbox 843 2603 1101 2695; x_wconf 81' lang='lat' dir='ltr'>hexagonales</span> <span class='ocrx_word' id='word_1_80' title='bbox 1120 2602 1294 2676; x_wconf 81' lang='lat' dir='ltr'>nitentes</span> 
     </span>
    </p>

    <p class='ocr_par' dir='ltr' id='par_1_6' title="bbox 424 2730 1631 3080">
     <span class='ocr_line' id='line_1_16' title="bbox 531 2730 1630 2825; baseline 0.003 -22"><span class='ocrx_word' id='word_1_81' title='bbox 531 2730 574 2803; x_wconf 89' lang='lat' dir='ltr'>ln</span> <span class='ocrx_word' id='word_1_82' title='bbox 594 2754 694 2824; x_wconf 87' lang='lat' dir='ltr'>aqna</span> <span class='ocrx_word' id='word_1_83' title='bbox 713 2730 929 2825; x_wconf 88' lang='lat' dir='ltr'>Camphora</span> <span class='ocrx_word' id='word_1_84' title='bbox 947 2732 1009 2804; x_wconf 83' lang='lat' dir='ltr'>vix</span> <span class='ocrx_word' id='word_1_85' title='bbox 1029 2731 1211 2821; x_wconf 90' lang='lat' dir='ltr'>solubilis,</span> <span class='ocrx_word' id='word_1_86' title='bbox 1239 2732 1391 2824; x_wconf 81' lang='lat' dir='ltr'>largiter</span> <span class='ocrx_word' id='word_1_87' title='bbox 1408 2732 1447 2805; x_wconf 90' lang='lat' dir='ltr'>in</span> <span class='ocrx_word' id='word_1_88' title='bbox 1462 2734 1630 2822; x_wconf 86' lang='lat' dir='ltr'>aethere,</span> 
     </span>
     <span class='ocr_line' id='line_1_17' title="bbox 424 2858 1631 2953; baseline 0.001 -22"><span class='ocrx_word' id='word_1_89' title='bbox 424 2858 686 2931; x_wconf 87' lang='lat' dir='ltr'>chloroformio</span> <span class='ocrx_word' id='word_1_90' title='bbox 711 2865 748 2932; x_wconf 92' lang='lat' dir='ltr'>et</span> <span class='ocrx_word' id='word_1_91' title='bbox 771 2859 904 2953; x_wconf 88' lang='lat' dir='ltr'>spiritu</span> <span class='ocrx_word' id='word_1_92' title='bbox 924 2860 1010 2947; x_wconf 89' lang='lat' dir='ltr'>viui,</span> <span class='ocrx_word' id='word_1_93' title='bbox 1032 2860 1168 2952; x_wconf 90' lang='lat' dir='ltr'>quibus</span> <span class='ocrx_word' id='word_1_94' title='bbox 1187 2860 1393 2953; x_wconf 86' lang='lat' dir='ltr'>liquoribus</span> <span class='ocrx_word' id='word_1_95' title='bbox 1412 2861 1631 2932; x_wconf 84' lang='lat' dir='ltr'>humectata</span> 
     </span>
     <span class='ocr_line' id='line_1_18' title="bbox 424 2985 962 3080; baseline 0.004 -23"><span class='ocrx_word' id='word_1_96' title='bbox 424 2986 463 3058; x_wconf 92' lang='lat' dir='ltr'>in</span> <span class='ocrx_word' id='word_1_97' title='bbox 480 2985 673 3080; x_wconf 90' lang='lat' dir='ltr'>pulverem</span> <span class='ocrx_word' id='word_1_98' title='bbox 691 2986 808 3079; x_wconf 85' lang='lat' dir='ltr'>redigi</span> <span class='ocrx_word' id='word_1_99' title='bbox 826 2992 962 3080; x_wconf 88' lang='lat' dir='ltr'>potest.</span> 
     </span>
    </p>
   </div>
   <div class='ocr_carea' id='block_1_4' title="bbox 425 3130 1629 3484">
    <p class='ocr_par' dir='ltr' id='par_1_7' title="bbox 425 3130 1629 3484">
     <span class='ocr_line' id='line_1_19' title="bbox 539 3130 1629 3228; baseline -0.001 -25"><span class='ocrx_word' id='word_1_100' title='bbox 539 3130 657 3203; x_wconf 83' lang='lat' dir='ltr'>Oleum</span> <span class='ocrx_word' id='word_1_101' title='bbox 678 3131 950 3225; x_wconf 78' lang='lat' dir='ltr'>comploratum.</span> <span class='ocrx_word' id='word_1_102' title='bbox 975 3131 1131 3227; x_wconf 79' lang='lat' dir='ltr'>Spiritus</span> <span class='ocrx_word' id='word_1_103' title='bbox 1148 3134 1405 3227; x_wconf 77' lang='lat' dir='ltr'>cunrpliorutus.</span> <span class='ocrx_word' id='word_1_104' title='bbox 1434 3132 1629 3228; x_wconf 79' lang='lat' dir='ltr'>Collyrium</span> 
     </span>
     <span class='ocr_line' id='line_1_20' title="bbox 425 3258 1629 3356; baseline 0.001 -25"><span class='ocrx_word' id='word_1_105' title='bbox 425 3259 645 3356; x_wconf 73' lang='lat' dir='ltr'>adstrinqens</span> <span class='ocrx_word' id='word_1_106' title='bbox 660 3259 796 3331; x_wconf 80' lang='lat' dir='ltr'>luteum.</span> <span class='ocrx_word' id='word_1_107' title='bbox 817 3258 1061 3354; x_wconf 76' lang='lat' dir='ltr'>Ernplastrum</span> <span class='ocrx_word' id='word_1_108' title='bbox 1077 3258 1195 3331; x_wconf 82' lang='lat' dir='ltr'>Miuii.</span> <span class='ocrx_word' id='word_1_109' title='bbox 1213 3259 1456 3355; x_wconf 71' lang='lat' dir='ltr'>Empbrstrum</span> <span class='ocrx_word' id='word_1_110' title='bbox 1477 3283 1629 3355; x_wconf 81' lang='lat' dir='ltr'>sapona-</span> 
     </span>
     <span class='ocr_line' id='line_1_21' title="bbox 426 3385 1240 3484; baseline 0 -26"><span class='ocrx_word' id='word_1_111' title='bbox 426 3393 508 3459; x_wconf 85' lang='lat' dir='ltr'>tum.</span> <span class='ocrx_word' id='word_1_112' title='bbox 530 3386 763 3460; x_wconf 59' lang='lat' dir='ltr'>[linimentum</span> <span class='ocrx_word' id='word_1_113' title='bbox 784 3385 1240 3484; x_wconf 66' lang='lat' dir='ltr'>seronato-cumpburctum.</span> 
     </span>
    </p>
   </div>
   <div class='ocr_carea' id='block_1_5' title="bbox 742 3714 1326 3828">
    <p class='ocr_par' dir='ltr' id='par_1_8' title="bbox 742 3714 1326 3828">
     <span class='ocr_line' id='line_1_22' title="bbox 742 3714 1326 3828; baseline -0.007 -3"><span class='ocrx_word' id='word_1_114' title='bbox 742 3714 1326 3828; x_wconf 60' lang='lat' dir='ltr'>flammarum.</span> 
     </span>
    </p>
   </div>
   <div class='ocr_carea' id='block_1_6' title="bbox 427 3934 1629 4795">
    <p class='ocr_par' dir='ltr' id='par_1_9' title="bbox 428 3934 1628 4159">
     <span class='ocr_line' id='line_1_23' title="bbox 536 3934 1628 4032; baseline -0.001 -27"><span class='ocrx_word' id='word_1_115' title='bbox 536 3935 641 4032; x_wconf 65' lang='lat' dir='ltr'>Iastia</span> <span class='ocrx_word' id='word_1_116' title='bbox 671 3935 872 4008; x_wconf 82' lang='lat' dir='ltr'>resicutoria</span> <span class='ocrx_word' id='word_1_117' title='bbox 902 3936 1154 4023; x_wconf 85' lang='lat' dir='ltr'>Fabricius,</span> <span class='ocrx_word' id='word_1_118' title='bbox 1183 3936 1368 4007; x_wconf 84' lang='lat' dir='ltr'>insertum</span> <span class='ocrx_word' id='word_1_119' title='bbox 1396 3934 1435 4005; x_wconf 92' lang='lat' dir='ltr'>in</span> <span class='ocrx_word' id='word_1_120' title='bbox 1463 3934 1628 4005; x_wconf 87' lang='lat' dir='ltr'>maxima</span> 
     </span>
     <span class='ocr_line' id='line_1_24' title="bbox 428 4063 1144 4159; baseline 0 -24"><span class='ocrx_word' id='word_1_121' title='bbox 428 4064 598 4156; x_wconf 83' lang='lat' dir='ltr'>Europae</span> <span class='ocrx_word' id='word_1_122' title='bbox 618 4069 724 4157; x_wconf 84' lang='lat' dir='ltr'>parte</span> <span class='ocrx_word' id='word_1_123' title='bbox 746 4063 907 4136; x_wconf 88' lang='lat' dir='ltr'>obvium.</span> <span class='ocrx_word' id='word_1_124' title='bbox 933 4064 1144 4159; x_wconf 59' lang='lat' dir='ltr'>(lubentem.</span> 
     </span>
    </p>

    <p class='ocr_par' dir='ltr' id='par_1_10' title="bbox 427 4188 1629 4795">
     <span class='ocr_line' id='line_1_25' title="bbox 537 4188 1629 4284; baseline 0 -23"><span class='ocrx_word' id='word_1_125' title='bbox 537 4190 722 4264; x_wconf 83' lang='lat' dir='ltr'>Animalia</span> <span class='ocrx_word' id='word_1_126' title='bbox 755 4192 909 4284; x_wconf 81' lang='lat' dir='ltr'>integra,</span> <span class='ocrx_word' id='word_1_127' title='bbox 948 4193 1074 4284; x_wconf 85' lang='lat' dir='ltr'>sesqui</span> <span class='ocrx_word' id='word_1_128' title='bbox 1108 4195 1184 4264; x_wconf 89' lang='lat' dir='ltr'>lere</span> <span class='ocrx_word' id='word_1_129' title='bbox 1223 4191 1271 4263; x_wconf 87' lang='lat' dir='ltr'>ad</span> <span class='ocrx_word' id='word_1_130' title='bbox 1311 4190 1380 4261; x_wconf 87' lang='lat' dir='ltr'>tria</span> <span class='ocrx_word' id='word_1_131' title='bbox 1414 4188 1629 4262; x_wconf 87' lang='lat' dir='ltr'>centimetra</span> 
     </span>
     <span class='ocr_line' id='line_1_26' title="bbox 427 4315 1628 4412; baseline -0.003 -21"><span class='ocrx_word' id='word_1_132' title='bbox 427 4321 551 4410; x_wconf 85' lang='lat' dir='ltr'>longa,</span> <span class='ocrx_word' id='word_1_133' title='bbox 572 4319 754 4392; x_wconf 86' lang='lat' dir='ltr'>metallice</span> <span class='ocrx_word' id='word_1_134' title='bbox 775 4341 822 4392; x_wconf 82' lang='lat' dir='ltr'>ex</span> <span class='ocrx_word' id='word_1_135' title='bbox 842 4341 955 4391; x_wconf 90' lang='lat' dir='ltr'>aureo</span> <span class='ocrx_word' id='word_1_136' title='bbox 976 4320 1081 4391; x_wconf 90' lang='lat' dir='ltr'>viridi</span> <span class='ocrx_word' id='word_1_137' title='bbox 1101 4318 1347 4412; x_wconf 81' lang='lat' dir='ltr'>splendentia,</span> <span class='ocrx_word' id='word_1_138' title='bbox 1368 4315 1542 4388; x_wconf 77' lang='lat' dir='ltr'>antennis</span> <span class='ocrx_word' id='word_1_139' title='bbox 1563 4316 1628 4388; x_wconf 89' lang='lat' dir='ltr'>lili·</span> 
     </span>
     <span class='ocr_line' id='line_1_27' title="bbox 427 4444 1627 4538; baseline -0.002 -20"><span class='ocrx_word' id='word_1_140' title='bbox 427 4448 606 4518; x_wconf 87' lang='lat' dir='ltr'>formibus</span> <span class='ocrx_word' id='word_1_141' title='bbox 617 4446 743 4538; x_wconf 71' lang='lat' dir='ltr'>nigris</span> <span class='ocrx_word' id='word_1_142' title='bbox 759 4445 879 4538; x_wconf 88' lang='lat' dir='ltr'>capite</span> <span class='ocrx_word' id='word_1_143' title='bbox 896 4452 1054 4535; x_wconf 83' lang='lat' dir='ltr'>exserte,</span> <span class='ocrx_word' id='word_1_144' title='bbox 1076 4447 1272 4535; x_wconf 83' lang='lat' dir='ltr'>declinate,</span> <span class='ocrx_word' id='word_1_145' title='bbox 1288 4447 1421 4518; x_wconf 90' lang='lat' dir='ltr'>obtuse</span> <span class='ocrx_word' id='word_1_146' title='bbox 1436 4444 1627 4537; x_wconf 86' lang='lat' dir='ltr'>triquetro,</span> 
     </span>
     <span class='ocr_line' id='line_1_28' title="bbox 428 4571 1627 4665; baseline -0.002 -19"><span class='ocrx_word' id='word_1_147' title='bbox 428 4573 666 4662; x_wconf 86' lang='lat' dir='ltr'>subcordato,</span> <span class='ocrx_word' id='word_1_148' title='bbox 692 4573 845 4645; x_wconf 85' lang='lat' dir='ltr'>thorace</span> <span class='ocrx_word' id='word_1_149' title='bbox 871 4574 1004 4646; x_wconf 91' lang='lat' dir='ltr'>obtuse</span> <span class='ocrx_word' id='word_1_150' title='bbox 1032 4573 1275 4665; x_wconf 62' lang='lat' dir='ltr'>quadrigona</span> <span class='ocrx_word' id='word_1_151' title='bbox 1304 4571 1460 4646; x_wconf 84' lang='lat' dir='ltr'>scutelle</span> <span class='ocrx_word' id='word_1_152' title='bbox 1484 4572 1627 4646; x_wconf 91' lang='lat' dir='ltr'>minuto</span> 
     </span>
     <span class='ocr_line' id='line_1_29' title="bbox 428 4699 1628 4795; baseline 0 -23"><span class='ocrx_word' id='word_1_153' title='bbox 428 4701 840 4792; x_wconf 81' lang='lat' dir='ltr'>subrotundocordato,</span> <span class='ocrx_word' id='word_1_154' title='bbox 857 4701 982 4795; x_wconf 90' lang='lat' dir='ltr'>elytris</span> <span class='ocrx_word' id='word_1_155' title='bbox 998 4701 1181 4793; x_wconf 79' lang='lat' dir='ltr'>oblongis,</span> <span class='ocrx_word' id='word_1_156' title='bbox 1198 4702 1377 4795; x_wconf 76' lang='lat' dir='ltr'>angustis</span> <span class='ocrx_word' id='word_1_157' title='bbox 1393 4699 1498 4787; x_wconf 75' lang='lat' dir='ltr'>laxis</span> <span class='ocrx_word' id='word_1_158' title='bbox 1514 4701 1628 4773; x_wconf 90' lang='lat' dir='ltr'>tenui-</span> 
     </span>
    </p>
   </div>
   <div class='ocr_carea' id='block_1_7' title="bbox 0 0 1758 5450">
    <p class='ocr_par' dir='ltr' id='par_1_11' title="bbox 0 0 1758 5450">
     <span class='ocr_line' id='line_1_30' title="bbox 0 0 1758 5450; baseline 0 0"><span class='ocrx_word' id='word_1_159' title='bbox 0 0 1758 5450; x_wconf 95' lang='lat' dir='ltr'> </span> 
     </span>
    </p>
   </div>
  </div>
 </body>
</html>
