3500 5450
673 572 860 646 .-5-

277 791 419 866 Solutio
435 793 739 884 aquosasrigore
753 797 932 880 saturata,
952 793 1051 865 ferro
1068 790 1369 884 sesquichlorato

169 917 314 1010 adjecto
333 919 515 1009 turbatur,
537 921 701 993 colorem
721 920 934 992 subflavum
958 920 1155 1012 recipiens,
1187 918 1251 1011 qui
1276 917 1369 990 cale-

83 1141 85 1145 7
169 1046 342 1120 faciendo
362 1047 541 1120 intensior
565 1048 698 1135 evadit,
718 1047 785 1120 sed
812 1048 939 1119 addito
959 1047 1066 1119 acido
1086 1045 1370 1137 hydroehlorico

168 1173 283 1247 diluto
304 1175 502 1248 evanescit.

279 1303 461 1391 Crystalli,
481 1303 519 1375 in
534 1303 624 1376 tubo
638 1302 851 1396 probatorio
868 1323 953 1375 cum
972 1302 1116 1395 liquore
1135 1301 1220 1374 kalii
1235 1300 1371 1392 hydro-

168 1430 316 1521 oxydati
330 1430 546 1519 calefactae,
566 1452 613 1503 ne
634 1431 861 1503 ammoniam
879 1431 1063 1517 evolvant,
1083 1450 1217 1520 neque,
1238 1426 1371 1499 sicum

169 1557 355 1630 solutione
410 1563 650 1630 concentrata
695 1558 780 1629 kalii
827 1557 1107 1650 permanganiei
1152 1559 1371 1643 tractantur,

167 1684 320 1756 odorem
352 1684 424 1757 olei
450 1684 735 1777 amygdalarum
765 1706 980 1757 amararum
1010 1683 1173 1757 aetherei
1201 1683 1371 1755 excitent.

517 2043 738 2151 rioldum
763 2043 1022 2151 horicum.

276 2266 448 2359 Crystalli
458 2288 697 2360 squamosae,
710 2268 846 2341 coloris
859 2273 1041 2360 expertes
1053 2265 1371 2358 nitorislanguidi,

170 2393 218 2465 ad
237 2398 377 2485 tactum
397 2396 570 2487 pingues,
589 2396 627 2467 in
643 2417 742 2487 aqua
756 2396 891 2487 frigida
905 2396 1063 2485 difficile,
1084 2396 1123 2467 in
1138 2395 1280 2467 fervida
1299 2415 1370 2467 nec

165 2542 243 2593 non
261 2521 300 2592 in
318 2522 450 2615 spiritu
469 2522 543 2594 vini
562 2522 668 2594 facile
689 2528 725 2594 et
744 2525 855 2615 plane
875 2524 1067 2595 solubiles.
1094 2522 1237 2595 Solutio
1266 2522 1369 2615 spiri-

166 2654 277 2721 tuosa
290 2649 445 2722 incensa
458 2650 652 2722 flammam
666 2650 772 2722 viridi
788 2649 911 2725 colore
920 2651 1037 2743 tingit.
1055 2650 1196 2724 Solutio
1212 2671 1369 2742 aquosa,

164 2776 223 2849 vel
241 2777 367 2850 addito
383 2778 490 2850 acido
506 2777 802 2869 hydrochlorico,
819 2778 973 2852 chartae
990 2799 1188 2852 curcumae
1206 2779 1369 2851 colorem

166 2926 211 2976 ex
230 2905 336 2977 fusco
356 2905 513 2977 rubrum
532 2905 669 2977 tribuit.

272 3031 432 3106 Acidum
446 3033 625 3124 horicum,
644 3032 683 3104 in
700 3031 806 3105 acido
823 3032 1002 3105 sulfurico
1018 3038 1259 3106 concentrato
1275 3034 1369 3106 cale·

164 3158 335 3232 faciendo
352 3160 531 3248 solutum,
544 3164 633 3252 post
649 3153 980 3251 refrigerationem,
998 3161 1175 3252 crystallo
1191 3161 1278 3232 ferri
1292 3160 1367 3232 sul-

163 3285 269 3358 furici
288 3286 438 3378 injecto,
460 3308 597 3360 zonam
617 3288 764 3361 fuscam
785 3309 832 3360 ne
853 3288 1051 3379 impertiat.

273 3414 416 3487 Solutio
447 3435 593 3507 aquosa
612 3437 682 3489 nec
703 3437 803 3508 aqua
821 3415 1140 3507 hydrosulfurata,
1160 3437 1230 3488 nec
1250 3417 1366 3506 baryo

165 3539 306 3628 nitrien,
326 3562 395 3612 nec
415 3545 570 3632 argento
589 3542 734 3631 nitrico,
761 3564 885 3635 neque
905 3543 1096 3615 ammonia
1115 3548 1251 3615 neutra
1269 3543 1369 3615 facta

164 3665 354 3739 ammonio
375 3667 559 3740 sulfurato
580 3673 757 3741 mutetur.

308 4028 649 4142 Actaeam
689 4032 1228 4145 carbonacum.

651 4275 889 4356 Phenolum.

272 4490 403 4562 Massa
423 4510 468 4562 ex
490 4490 677 4581 crystallis
699 4491 946 4564 acicularihus
967 4491 1187 4583 composita,
1204 4491 1365 4578 decolor,

163 4622 330 4709 tempore
347 4617 556 4690 flavescens
573 4618 632 4689 vel
647 4617 877 4704 inarescens,
899 4616 1027 4689 odoris
1043 4616 1252 4710 peculiaris,
1274 4639 1362 4691 cau·

164 4745 268 4834 stica,
284 4743 505 4817 humiditate
522 4744 693 4817 adtracta
708 4745 850 4835 diffluit,
871 4745 1069 4818 reactionis
1084 4746 1264 4819 neutrius,
1286 4745 1365 4818 Sub
