3500 5450
667 565 855 637 ..3-

271 783 540 857 Centimetmm
556 784 730 858 cubicum
746 807 865 857 unum
887 788 922 877 (1
945 785 1017 878 CC)
1034 786 1131 860 acidi
1146 809 1233 860 cum
1249 788 1363 861 centi-
1467 764 1472 777 ⁸

161 911 290 984 metris
327 910 466 985 cubicis
505 910 720 1002 quindecim
749 912 815 1004 (15
837 911 910 1005 CC)
941 935 1063 1005 aquae
1094 915 1300 988 destinatae
1331 922 1366 988 et

163 1037 383 1110 centimetro
422 1037 552 1111 cubico
591 1060 669 1112 uno
705 1042 740 1131 (1
770 1039 842 1130 CC)
884 1039 1082 1114 solutionis
1119 1041 1206 1114 kalii
1234 1043 1366 1134 hyper-

163 1165 375 1257 manganici
395 1163 430 1260 (1
451 1188 458 1236 :
480 1166 596 1256 1000)
618 1166 786 1255 mixtum,
809 1167 974 1240 colorem
998 1168 1130 1240 induat
1148 1169 1365 1259 violaceum,

163 1294 226 1384 qui
246 1293 345 1365 intra
364 1298 572 1366 sextantem
594 1292 709 1365 horae
728 1315 970 1385 nequaquam
990 1301 1202 1367 evanescat.

273 1419 471 1493 Contineat
494 1421 533 1493 in
558 1425 711 1493 centum
736 1421 906 1514 partibus
935 1421 1135 1494 minimum
1161 1424 1212 1495 96
1238 1430 1365 1516 partes

161 1547 258 1620 acidi
279 1547 420 1620 acetici.

276 1673 420 1762 Quodsi
440 1697 486 1747 ex
516 1674 644 1748 decem
675 1676 902 1749 centimetris
928 1675 1068 1749 cubicis
1090 1677 1157 1768 (10
1174 1677 1246 1770 CC)
1276 1676 1367 1767 ejuS,

162 1824 264 1893 aqua
292 1801 482 1891 diluendo,
513 1802 725 1876 efficiuntur
754 1803 974 1876 centimetra
1002 1804 1133 1876 cubica
1163 1805 1367 1895 quingenta

164 1930 258 2021 (500
284 1927 368 2021 CC),
397 1929 595 2003 indecem
626 1931 855 2005 centimetris
887 1930 1026 2003 cubicis
1055 1932 1122 2021 (10
1148 1930 1219 2022 CC)
1249 1931 1364 2024 hujus

163 2056 268 2128 diluti
295 2054 461 2148 liquoris
482 2057 626 2129 neutris
646 2057 857 2149 reddendis,
879 2057 1075 2130 minimum
1096 2063 1366 2131 consumantur

162 2183 312 2275 triginta
341 2189 504 2274 quatuor
538 2186 757 2257 centimetra
792 2184 923 2257 cubica
961 2184 1128 2276 (3100)
1165 2184 1364 2258 solutionis

163 2310 433 2384 acidimetricae
454 2311 730 2384 decinormalis.

361 2705 581 2816 lleidnm
606 2709 870 2817 aceticum
899 2706 1144 2817 dilutum.

267 2933 408 3024 Liquor
440 2932 632 3026 limpidus
663 2933 825 3022 decolor,
859 2931 1033 3020 volatilis
1067 2921 1195 3006 odoris
1231 2940 1268 3006 et
1301 2955 1362 3005 sa-

158 3059 260 3151 poris
301 3060 406 3148 acidi,
440 3060 593 3133 minime
629 3059 946 3153 empyreumatici,
984 3059 1163 3151 ponderis
1199 3059 1364 3153 specifici

164 3185 290 3259 1000.

266 3313 363 3404 Apte
394 3313 553 3386 dilutum
583 3316 742 3388 eandem
770 3313 952 3407 praebeat
979 3313 1165 3386 rationem
1199 3315 1247 3386 ad
1281 3307 1374 3387 rea?

159 3440 294 3530 gentia,
316 3440 467 3531 qualem
487 3440 638 3514 acidum
657 3442 840 3514 aceticum
861 3445 1154 3513 concentratum.

264 3565 308 3640 In
337 3572 487 3640 centum
524 3568 695 3660 partibus
733 3564 926 3641 contineat
969 3573 1095 3659 partes
1134 3568 1226 3640 bol
1265 3570 1361 3642 acidi

158 3694 297 3768 acetici.

270 3821 308 3893 Si
328 3843 415 3913 ergo
445 3844 491 3895 ex
512 3823 642 3896 decem
662 3823 891 3895 centimetris
917 3822 1056 3895 cubicis
1087 3824 1153 3914 (10
1176 3823 1248 3915 CC)
1280 3823 1362 3915 ejus

157 3969 242 4021 cum
282 3970 382 4041 aqua
420 3950 608 4023 destillata
652 3949 929 4022 commiscendo
974 3950 1192 4023 centimetra
1232 3950 1364 4023 cubica

158 4081 306 4148 centum
342 4077 435 4168 (100
466 4075 539 4168 CC)
575 4075 763 4165 effeceris,
806 4077 936 4149 decem
972 4078 1190 4152 centimetra
1232 4078 1363 4152 cubica

158 4203 225 4294 (10
242 4202 314 4293 CC)
336 4202 450 4294 hujus
475 4202 582 4275 diluti
601 4202 756 4294 liquoris
775 4202 974 4276 minimum
993 4204 1184 4295 requirant
1211 4206 1361 4296 triginta

158 4330 324 4422 quinque
369 4328 589 4402 centimetra
638 4328 768 4401 cubica
809 4329 876 4419 (35
899 4329 971 4420 CC)
1009 4331 1207 4403 solutionis
1246 4331 1359 4403 acidi-

156 4456 331 4529 metricae
362 4455 634 4544 decinormalis
664 4460 706 4527 ut
733 4455 873 4528 reactio
894 4455 1003 4528 acida
1022 4454 1062 4528 in
1082 4462 1259 4530 neutram
1278 4478 1360 4530 ver·

156 4590 268 4657 tatur.

269 4733 410 4801 Acetum
429 4727 565 4802 Scilloe.
