3500 5450
652 554 895 627 -ab5-

410 857 707 974 Rauca
743 862 1144 1001 Jalapae.

594 1091 754 1169 Tubero
775 1088 802 1166 J
804 1091 958 1191 alapae.

282 1282 444 1377 Ipoaroea
454 1283 577 1381 Paroa
591 1286 626 1357 H
638 1308 693 1377 ay
703 1308 729 1359 11
739 1308 769 1373 e,
784 1287 915 1378 planta
927 1285 1114 1379 perennis,
1130 1285 1168 1356 111
1182 1285 1370 1358 montibus

172 1410 372 1484 Mexicanis
393 1417 612 1504 spontanea.
639 1412 932 1487 Convolvuloceoe.

283 1539 432 1612 Tubera
459 1542 700 1633 subglobosa„
736 1542 963 1635 pyriformia‚
1000 1541 1190 1614 turbinata
1218 1541 1277 1611 vel
1306 1541 1365 1612 ob·

171 1663 295 1757 longa,
315 1668 422 1740 nucis
439 1667 629 1760 juglandis
649 1691 770 1762 usque
790 1670 906 1762 pugni
926 1668 1193 1760 magnitudine.
1213 1669 1368 1759 integra,
1453 1747 1455 1751 .

171 1795 290 1867 incisa
309 1795 367 1867 vel
398 1796 563 1868 dissecta
605 1796 753 1884 siccata,
785 1802 990 1889 compacta,
1021 1795 1124 1883 dura,
1144 1794 1369 1887 ponderosa,

172 1923 404 1997 extrinsecus
430 1923 746 2015 longitudinaliter
770 1924 1162 2015 rugoso-tuberculata
1191 1922 1367 1995 31111110-

171 2051 347 2141 gulariter
364 2051 728 2143 reticulato-rugosa,
745 2053 905 2125 obscure
934 2053 1051 2140 fusca,
1073 2051 1180 2143 quasi
1209 2052 1368 2137 fumosa,

170 2180 265 2252 inter
298 2201 413 2270 rugas
441 2179 670 2272 nigricantia,
700 2180 1056 2265 resinoso-nitentia,
1085 2180 1248 2252 fractura
1277 2179 1365 2251 sub·

171 2307 365 2395 conchata,
381 2329 503 2399 neque
518 2307 662 2381 fihrosa
680 2328 802 2399 neque
823 2308 979 2398 lignosa,
1006 2308 1044 2379 in
1064 2308 1226 2379 sectione
1246 2312 1367 2380 trans·

170 2456 281 2507 versa
319 2435 441 2507 colore
480 2456 525 2507 ex
563 2435 687 2507 albido
708 2435 841 2527 griseo,
872 2435 1006 2507 cortice
1036 2437 1207 2525 angusto,
1229 2434 1368 2506 annulo

168 2561 339 2633 resinoso
360 2565 535 2652 separato
557 2561 697 2652 aligno
719 2560 960 2653 amplissimo
994 2562 1098 2633 zonis
1126 2562 1368 2634 conceniricis

169 2689 312 2782 pullise
328 2689 470 2761 cellulis
484 2689 695 2778 resinileris,
711 2690 748 2762 in
763 2690 958 2762 tuberibus
970 2689 1211 2782 amplioribus
1227 2690 1365 2762 solum-

170 2818 284 2890 modo
303 2817 341 2889 in
362 2823 514 2921 externa
532 2822 637 2909 parte
656 2818 716 2890 his
747 2819 851 2890 zonis
880 2819 1071 2905 instructa,
1102 2816 1235 2890 deinde
1265 2818 1369 2891 lineis

168 2946 343 3017 brevibus
382 2945 554 3035 arcuatis,
601 2947 750 3038 punctis
790 2950 827 3019 et
863 2946 1020 3018 maculis
1057 2945 1168 3036 pullis
1208 2944 1367 3035 signata,

171 3074 297 3145 odoris
344 3073 541 3164 peculiaris
590 3073 733 3162 debilis
791 3074 936 3166 saporis
989 3073 1091 3145 initio
1141 3073 1370 3160 dulciusculi,

170 3202 360 3288 nauseosi‚
383 3201 517 3275 deinde
538 3202 645 3290 acris
666 3202 838 3274 saucibus
859 3202 922 3273 diu
943 3199 1144 3273 haerentis.

278 3328 523 3420 Microscopio
544 3329 736 3421 explorata
755 3329 861 3400 radix
885 3328 1020 3420 probat
1038 3327 1190 3418 lignum,
1217 3348 1366 3419 compo-

171 3458 284 3529 situm
300 3457 463 3527 maxima
479 3462 642 3548 exparte
660 3478 679 3528 e
696 3456 996 3549 parencbymate,
1017 3455 1140 3547 amylo
1162 3455 1369 3545 composito

170 3585 262 3672 fetu,
316 3583 627 3674 frequentissimis
673 3584 812 3656 cellulis
863 3583 1060 3675 crystallus
1099 3583 1201 3655 calcii
1239 3583 1369 3654 oxalici

170 3712 336 3784 stellatas
366 3712 581 3802 gerentibus
610 3712 852 3802 utriculisque
879 3710 1199 3783 numerosissimis
1237 3711 1366 3782 resini-

169 3839 266 3926 leris
287 3860 353 3930 per
371 3839 640 3931 longitudinem
661 3838 948 3910 cohaerentibus
969 3842 1005 3910 et
1023 3837 1158 3930 partim
1179 3840 1363 3910 conlluen·

168 3966 280 4056 1111110,
310 3967 506 4039 includens
535 3967 734 4039 fasciculos
764 3966 849 4057 ligni
875 3966 989 4057 paulo
1010 3966 1168 4057 amplos,
1197 3965 1367 4039 radiatim

170 4094 372 4186 dispositos
398 4099 433 4167 et
460 4094 708 4186 interruptum
729 4094 853 4166 stratis
874 4093 1117 4165 concentricis
1151 4094 1246 4165 telae
1267 4116 1365 4166 cam-

168 4222 285 4295 bialis.
782 4225 785 4233 '

280 4349 476 4424 Continuat
494 4349 600 4422 radix
619 4350 813 4422 minimum
834 4350 870 4421 in
887 4354 1036 4421 centum
1053 4350 1221 4441 partibus
1238 4350 1366 4422 decem

170 4482 295 4569 partes
314 4479 460 4550 resinae
480 4478 519 4550 in
538 4478 690 4551 aethere
717 4498 849 4567 parum
870 4476 1051 4549 solubilis.

278 4604 495 4696 Rejicienda
513 4605 647 4677 tubera
665 4604 824 4691 mucida,
845 4604 1000 4692 cariosa,
1024 4608 1088 4675 aut
1106 4604 1211 4693 levia,
1232 4605 1366 4695 mollia,

169 4730 269 4803 intus
309 4732 483 4820 fariuosa,
522 4733 748 4805 extractione
788 4717 920 4824 spiritu
957 4731 1032 4802 vini
1069 4732 1194 4804 resina
1232 4735 1367 4825 partim

222 4886 417 4943 Pharmacopcoa.
1116 4871 1148 4924 15
