3500 5450
894 520 1090 592 „X-

501 735 547 823 O.
572 738 620 823 R.
654 738 953 849 Ministerium,
995 739 1064 824 cui
1103 765 1302 852 suprema
1336 735 1592 824 valetudinis

390 900 588 1016 publicae
611 930 713 989 cura
735 901 878 989 delata
900 913 976 1013 est,
1000 909 1102 987 voto
1121 903 1207 987 hoc
1230 900 1395 1011 fultum,
1422 901 1591 988 ordina-

391 1066 450 1150 vit
481 1094 642 1152 novam
670 1067 1078 1182 pharmacopoeam,
1111 1094 1221 1182 quae
1246 1064 1466 1151 desideriis
1490 1066 1592 1153 artis

391 1229 584 1316 medicae
607 1259 721 1317 nunc
765 1230 1012 1346 vigentibus
1052 1259 1189 1346 aeque
1228 1258 1280 1316 ac
1319 1231 1594 1317 scientiarum

326 1444 330 1451 ·
386 1393 643 1481 naturalium
665 1397 963 1511 progressibus
1004 1394 1220 1505 satisfacit,
1263 1424 1356 1481 esse
1403 1395 1593 1482 conscri-

389 1557 585 1646 bendum.

497 1724 704 1811 Huncin
736 1725 867 1811 finem
902 1725 1150 1840 Collegium
1189 1723 1390 1841 speciale,
1432 1726 1592 1811 consti-

390 1895 530 1975 tutum
574 1918 597 1975 e
643 1888 897 1975 consiliariis
941 1889 988 1975 in
1030 1888 1216 2003 negotiis
1259 1888 1451 1974 sanitatis
1489 1916 1593 2002 prae

389 2052 570 2139 caeteris
589 2052 912 2169 disciplinarum
929 2053 986 2140 ad
1002 2082 1095 2139 rem
1124 2054 1411 2169 spectantium
1434 2052 1591 2164 gnaris,

392 2227 434 2303 et
472 2246 527 2304 ex
564 2217 912 2333 pharmacopolis
958 2245 980 2304 e
1027 2217 1193 2332 gremio
1240 2217 1592 2331 pharmaceutico

389 2372 716 2469 Vindobonensi
745 2382 934 2492 delectis,
974 2381 1226 2468 mandatum
1258 2379 1353 2467 tulit
1392 2378 1593 2466 omnibus

387 2546 641 2666 prospicere,
666 2575 776 2663 quae
799 2547 843 2631 in
861 2545 1077 2633 exaranda
1101 2573 1216 2632 nova
1245 2544 1594 2660 pharmacopoea

395 2709 778 2799 animadvertenda
832 2722 930 2799 sunt
984 2720 1038 2823 et,
1100 2720 1147 2798 ut
1207 2708 1329 2798 labor
1389 2737 1593 2824 prospere

396 2874 653 2984 succederet,
700 2876 915 2993 simulque
966 2882 1065 2990 apta
1103 2873 1157 2961 ad
1202 2903 1293 2961 rem
1332 2873 1595 2960 concinnitas

394 3039 651 3150 judiciorum
705 3047 1011 3156 assequeretur,
1067 3038 1275 3156 principia
1319 3047 1360 3125 et
1409 3038 1594 3125 rationes

396 3202 532 3291 labori
555 3215 786 3319 suggestae
810 3205 854 3289 in
877 3204 1185 3291 commentario
1217 3232 1442 3318 exponere,
1483 3231 1595 3319 quae

396 3367 586 3454 ulteriori
599 3366 895 3455 deliberationi
912 3369 1036 3485 quasi
1053 3367 1377 3454 fundamentum
1390 3366 1595 3453 inservire

396 3532 570 3648 possint.

503 3695 750 3812 Collegium
772 3695 959 3812 speciale
1001 3695 1289 3783 desideratum
1330 3705 1596 3781 commenta-

395 3864 507 3947 rium
545 3890 631 3948 una
668 3889 768 3947 oum
807 3861 997 3947 elenchis
1022 3860 1369 3972 medicaminum,
1412 3889 1520 3976 quae
1551 3861 1596 3943 in

395 4054 555 4112 novam
619 4027 1014 4141 pharmacopoeam
1075 4024 1323 4140 recipienda
1384 4036 1426 4111 et
1486 4052 1596 4140 quae

398 4189 635 4276 omittenda
680 4201 833 4299 essent,
880 4190 1136 4304 composuit,
1183 4189 1300 4304 quod
1339 4218 1366 4277 a
1405 4186 1597 4275 Consilio

396 4355 667 4468 negotiorum
712 4355 902 4442 sanitatis
947 4383 1147 4471 supremo
1199 4352 1526 4470 comprobatum
1570 4382 1598 4438 a

398 4518 444 4606 O.
463 4520 511 4606 R.
536 4519 773 4606 Ministerio
796 4522 966 4635 imperii
990 4518 1284 4633 gubernacula
1303 4520 1347 4603 in
1370 4519 1513 4632 regnis
1545 4546 1598 4603 ao

396 4685 626 4800 provinciis
650 4683 911 4770 Tenentibus
934 4687 1229 4770 transmissum
1253 4683 1340 4792 fuit,
1381 4694 1428 4770 ut
1455 4683 1598 4770 consi-
