3500 5450
652 551 864 622 „15-

159 768 275 857 facile,
313 789 382 842 nec
414 789 490 841 non
518 767 558 840 in
586 767 789 861 glycerium
824 766 978 839 minime
1010 766 1049 839 in
1083 767 1231 840 aethere
1259 788 1354 859 puro

157 895 345 968 solubiles⁸

264 1021 420 1095 Ferrum
441 1024 783 1115 sesquichleratum
805 1021 842 1094 in
863 1023 1052 1096 solutione
1074 1045 1220 1115 aquosa
1241 1022 1355 1095 diluta

157 1149 320 1222 colorem
358 1151 592 1239 caeruleum,
645 1150 682 1221 in
726 1154 968 1223 concentrata
1012 1151 1262 1224 sedimentum
1309 1173 1353 1222 ex

157 1278 327 1351 caeruleo
346 1278 536 1370 nigricans
556 1277 738 1371 producit,
769 1278 871 1369 quod
893 1277 999 1351 acido
1028 1279 1207 1350 suli'urico
1229 1278 1355 1350 addito

154 1405 352 1478 evanescit.

263 1532 422 1605 Acidum
451 1532 488 1604 in
524 1533 690 1625 quinque
717 1533 887 1627 partibus
915 1552 1037 1624 aquae
1067 1533 1244 1620 solutum,
1273 1532 1355 1624 pari

153 1659 342 1733 volumine
359 1661 511 1753 spiritus
529 1660 605 1733 vini
625 1660 784 1752 adjectu,
800 1660 1026 1734 solutionem
1040 1659 1355 1752 limpidam‚reac·

154 1788 266 1860 tionis
283 1787 410 1860 acidae
424 1788 615 1880 praebeat,
632 1811 730 1881 quae
745 1787 805 1860 vel
819 1788 972 1861 dimidio
989 1787 1151 1860 aetheris
1164 1787 1353 1860 volumine

154 1913 280 1986 addito
319 1936 367 1987 ne
405 1916 585 1988 turbetur.
622 1916 898 2005 ¹Feruefactum
935 1916 973 1988 iu
1011 1916 1153 1988 lamina
1189 1915 1354 2008 platinea

155 2042 342 2133 deflagret,
363 2043 497 2116 cineris
517 2043 666 2116 nonnisi
685 2044 842 2135 vestigia
861 2043 1089 2135 relinquens,

456 2382 677 2492 Aridum
701 2387 1042 2493 tartaricum.

261 2606 432 2698 Crystalli
461 2608 697 2699 prismaticae
725 2609 785 2682 vel
809 2609 1115 2698 tabulaeiorrneS,
1146 2609 1353 2694 decolores,

148 2735 371 2829 diaphanae,
382 2736 593 2829 frequenter
606 2737 645 2810 in
661 2743 809 2811 crustas
829 2743 1038 2826 concretae,
1054 2745 1140 2810 aiire
1151 2719 1351 2830 persisten-

149 2869 218 2953 teS‚
238 2863 409 2936 facillime
431 2863 470 2937 in
491 2886 601 2956 aqua,
617 2865 722 2937 facile
742 2866 781 2938 in
801 2865 936 2958 spiritu
955 2866 1031 2938 vini
1051 2865 1242 2938 solubiles

258 2991 401 3065 Salutio
421 3013 580 3084 aquosa,
614 3014 701 3065 curn
730 2994 918 3067 solutione
951 2994 1039 3066 kalii
1068 2993 1196 3065 acetici
1225 2993 1352 3081 mixta,

148 3118 252 3191 brevi
284 3125 451 3211 tempore
479 3120 591 3193 efficit
628 3120 881 3194 sedimentum
911 3120 1167 3212 crystallinum
1193 3120 1351 3206 decolor,

149 3245 318 3318 nitidum.
339 3246 498 3320 Aridum
520 3247 558 3319 in
578 3248 719 3321 lamina
737 3249 902 3341 platinea
921 3248 1175 3335 fervefactum,
1196 3247 1352 3320 odorem

150 3373 323 3446 sacchari
342 3376 432 3447 tosti
462 3396 658 3468 spargenS,
694 3374 940 3463 carbonescit,
974 3373 1131 3466 ignitum
1161 3372 1353 3466 deflagrat,

149 3501 344 3573 minimum
366 3501 499 3574 cineris
519 3501 748 3594 relinquens,

258 3627 301 3700 In
321 3628 508 3702 solutione
525 3650 673 3721 aquosa
694 3631 730 3720 (1
751 3651 758 3700 :
779 3631 842 3719 10)
863 3650 932 3701 uec
948 3630 1063 3701 calcio
1080 3629 1269 3716 suli'uricO,
1284 3650 1354 3702 nec

151 3758 270 3849 baryo
298 3757 443 3846 uitrico,
478 3780 548 3830 nec
577 3757 768 3831 ammonia
798 3764 969 3830 saturata
1002 3758 1191 3830 ammonio
1212 3757 1355 3830 oxalico

152 3885 334 3957 turbetur.
364 3886 475 3976 Aqua
494 3884 805 3976 hydrusulfurata
829 3886 866 3957 in
899 3886 1084 3958 solutione
1114 3890 1355 3957 concentrata

151 4012 249 4084 acidi
270 4014 305 4103 (1
327 4033 335 4083 ε
354 4013 393 4103 i)
413 4034 484 4085 nec
512 4013 684 4104 colorem,
713 4033 784 4086 nec
803 4014 1053 4086 sedimentum
1078 4013 1354 4105 susce-nigrum

153 4139 209 4210 vel
229 4139 471 4231 superaddita
491 4140 682 4212 ammonia
701 4140 897 4232 producat

260 4265 384 4338 Pulvis
422 4265 643 4362 nicophorus.
683 4266 806 4338 Pulvis
844 4267 1058 4363 atrophcrus
1106 4266 1351 4342 Seidlt'tzcusia

151 4392 373 4489 Muucesc'um
394 4392 551 4465 citricum
570 4392 794 4485 effervescens,
