3500 5450
871 530 1106 601 -114-

390 751 487 838 loha,
514 749 707 842 palmatim
729 749 911 841 quinque·
928 753 993 820 aut
1020 747 1207 836 trinervia,
1241 748 1485 841 inaequaliter
1507 770 1585 821 cre·

388 877 659 966 nato-dentata,
687 876 952 962 crassiuscula,
978 875 1344 964 holoserico-mollia,
1369 875 1407 947 in
1426 881 1584 968 utraque

386 1012 492 1099 parte
511 1008 679 1078 tomento
700 1005 818 1077 denso
839 1026 859 1077 e
879 1003 966 1096 pilis
986 1003 1134 1095 magnis
1155 1003 1311 1076 stellatis
1330 1008 1438 1092 tecta,
1460 1025 1479 1075 e
1498 1003 1583 1075 sub-

387 1133 509 1225 griseo
530 1133 589 1205 vel
605 1154 625 1205 e
640 1132 858 1205 flavescenti
872 1131 1015 1219 viridia,
1031 1131 1178 1222 saporis
1195 1129 1466 1222 mucilaginosi.

498 1260 727 1352 Colligantur
745 1265 901 1348 aestate,
930 1260 1085 1332 llorente
1114 1259 1243 1351 planta
1272 1261 1309 1330 et
1335 1258 1476 1330 siccata
1504 1277 1580 1329 ser-

386 1394 531 1462 ventur.

499 1513 636 1610 Species
652 1514 867 1587 emollientes.
891 1511 1026 1608 &ecies
1036 1512 1238 1608 pectorales.

767 1870 918 1978 llolia
944 1870 1206 1978 baruntii.

497 2094 616 2168 Oilrus
643 2096 801 2190 vulperia
828 2095 978 2185 Risso,
1013 2095 1124 2168 arbor
1151 2095 1190 2196 in
1217 2095 1431 2186 regionibus
1452 2095 1582 2167 calidis

383 2223 499 2297 totius
521 2223 622 2296 orbis
645 2224 756 2296 culta.
777 2222 960 2295 Rutaoeoe.
977 2223 1199 2294 Auraelleee.

492 2350 605 2441 Folia,
627 2372 713 2423 cum
732 2350 872 2443 petiolo
891 2350 966 2422 late
987 2350 1097 2437 alate,
1118 2350 1279 2423 obovato
1299 2352 1360 2423 vel
1379 2349 1583 2423 obcordato

383 2478 587 2565 mticulata
603 2478 907 2569 ovato-oblonga,
923 2482 1042 2565 acuta,
1057 2476 1294 2568 integerrima
1313 2481 1379 2549 aut
1395 2478 1582 2568 repando·

383 2605 786 2693 armato-subserrata,
815 2604 999 2696 pellucide
1019 2608 1208 2696 punctam,
1238 2604 1377 2696 glabra,
1403 2604 1582 2694 coriacea,

381 2738 546 2807 saturate
571 2732 715 2821 viridia,
737 2732 939 2805 siccatione
953 2733 1106 2825 pallida,
1130 2732 1259 2823 rigida,
1279 2732 1436 2820 tenacia,
1457 2732 1583 2805 odoris

383 2861 526 2949 debilis,
543 2865 645 2952 grate
666 2861 869 2952 aromatici,
886 2862 1034 2954 saporis
1054 2860 1477 2948 subamaro-aromatici,
1493 2860 1581 2933 sub·

383 2987 665 3080 adstringentis,

526 3313 771 3426 sueta
818 3317 1431 3427 Beeeaaomme.

490 3555 629 3648 Atrope
640 3553 1003 3640 BelladonoeLinn.‚
1015 3554 1340 3645 plantaperennis,
1353 3555 1391 3627 in
1410 3555 1582 3650 Europae

380 3681 456 3753 fere
475 3681 589 3754 totius
613 3681 839 3768 nemoribus
865 3680 1048 3773 imprimis
1069 3682 1268 3771 montanis,
1298 3705 1483 3757 crescens.
1516 3683 1580 3768 So·

380 3807 549 3879 lenuceee.

488 3934 593 4007 Folia
616 3941 738 4024 ovata,
761 3936 920 4029 elliptica
951 3941 1016 4009 aut
1045 3937 1345 4028 ovato-oblonga,
1375 3944 1495 4027 acuta,
1524 3941 1580 4013 vel

383 4062 609 4152 acuminata,
638 4063 675 4135 in
700 4064 880 4155 petiolum
904 4064 1055 4136 brevem
1072 4064 1293 4152 desinentia,
1312 4086 1435 4157 usque
1451 4066 1498 4138 ad
1512 4067 1583 4140 tria

382 4190 584 4265 decimetra
598 4193 723 4284 longa,
735 4191 981 4282 integerrima,
996 4192 1135 4280 tenuia,
1150 4197 1253 4264 tactu
1268 4193 1405 4282 mollia,
1421 4216 1582 4288 superne

381 4319 537 4390 obscure
558 4320 617 4391 vel
637 4342 682 4392 ex
702 4319 882 4392 subfusco
905 4318 1047 4408 viridia,
1068 4319 1206 4410 glabra,
1228 4320 1361 4393 subtus
1376 4322 1581 4413 pallidiora,

380 4445 643 4536 glabriuscula,
663 4447 746 4539 pilis
765 4446 970 4519 rarissimis
991 4446 1233 4538 simplicibus
1250 4448 1385 4539 partim
1400 4449 1581 4540 glanduli-

380 4572 478 4661 feriS‚
499 4573 641 4647 siccata
660 4573 697 4645 in
718 4580 878 4668 utraque
897 4581 1013 4667 parte,
1028 4577 1180 4665 propter
1195 4574 1348 4647 cellulas
1363 4578 1583 4671 mesophylli

381 4700 565 4792 crystallis
596 4700 699 4772 calcii
733 4701 868 4775 oxalici
902 4699 1162 4775 minutissimis
1182 4700 1353 4794 repletas,
1382 4705 1582 4778 tuberculis
