3500 5450
634 569 847 643 -89-
988 592 990 594 ’

252 787 441 860 Humeoia
458 787 653 881 pulverem
672 787 712 860 in
731 807 823 860 rese
843 787 1082 880 porcellaneo
1104 805 1191 857 eum

281 908 438 1011 spirius
459 912 534 990 vnn
553 911 662 992 iiiut!
692 938 723 1010 q.
742 937 770 986 s.

145 1040 236 1134 quin
256 1042 511 1135 conglobetur.
532 1042 680 1134 Sepone
699 1063 768 1135 per
786 1041 932 1115 horam.

254 1170 353 1245 Tum
371 1170 498 1261 ingere
517 1190 685 1242 massam
713 1168 753 1241 in
779 1173 1003 1270 apparatum
1030 1167 1286 1259 depulsorium
1307 1173 1346 1239 et

144 1298 411 1389 supereffunde

280 1418 437 1522 Spiritus
457 1421 533 1499 viu!
552 1422 661 1500 uuiti
688 1431 888 1520 qrarmnoia
909 1422 1007 1494 mille.
1238 1423 1341 1496 1000

254 1549 402 1624 Macera
420 1573 488 1644 per
506 1551 635 1643 viginti
654 1557 739 1624 octo
758 1550 885 1625 horas.
913 1551 994 1623 Hoc
1018 1554 1187 1641 ternpore
1213 1550 1343 1642 elapso

143 1675 207 1747 feo
226 1675 412 1769 liquorem
432 1678 596 1752 defluere
617 1684 654 1753 et
672 1701 739 1772 per
757 1679 859 1752 vices
879 1677 1031 1752 effunde

281 1798 438 1903 Spiritus
458 1803 535 1881 Vin
555 1804 665 1883 nunti
691 1813 930 1902 qrannnaium
950 1806 1023 1878 tria
1043 1805 1168 1876 millia.
1237 1804 1341 1877 3000

252 1930 436 2024 Liquores
470 1933 645 2007 collectos
678 1933 718 2005 in
750 1933 886 2007 balneo
921 1955 1041 2028 aquae
1071 1930 1342 2007 destillandoa

143 2058 273 2151 spiritu
291 2058 368 2131 vini
386 2058 510 2148 libera,
530 2061 722 2134 residuum
740 2061 779 2135 in
799 2062 936 2136 balneo
956 2083 1078 2154 aquae
1099 2059 1340 2152 evaporando

144 2187 192 2258 ad
212 2186 495 2260 consistentiam
516 2190 669 2261 extracti
695 2188 807 2282 spissi
827 2189 962 2281 redige.

341 2586 839 2696 minacium
882 2582 1139 2698 siloes.

143 2843 244 2936 Rpe:
279 2841 384 2919 Ainis
403 2842 616 2945 pulvorem
684 2850 887 2942 qrammaia
907 2844 1094 2941 quinqenio
1261 2844 1342 2935 500

142 2971 246 3044 solve
265 2971 304 3044 in

288 3096 409 3196 Aquae
429 3094 637 3175 destinatae
658 3095 848 3176 bullientis

684 3226 856 3323 qrammis
879 3223 1011 3298 duobus
1029 3224 1183 3297 millibus
1202 3232 1232 3296 et

744 3353 939 3451 quinqeniis
1232 3353 1338 3427 0500

142 3480 212 3554 suh
227 3485 410 3573 perpetua
425 3478 635 3572 agitatione.
652 3478 798 3572 Sepone
814 3501 883 3573 per
898 3480 993 3553 duas
1008 3479 1087 3553 dies
1098 3480 1181 3553 loeo
1192 3479 1337 3573 frigido,

142 3611 222 3680 ium
259 3607 444 3701 liquorem
481 3605 676 3700 limpidum
714 3608 901 3681 deeaniha
939 3612 976 3680 ei
1012 3606 1203 3681 residuum
1243 3608 1337 3681 coln.

140 3734 321 3827 Liquores
341 3734 565 3808 commixtos
583 3735 719 3808 balneo
740 3757 861 3828 equae
882 3735 930 3807 ad
949 3734 1089 3808 siecum
1108 3735 1246 3827 redige.

168 4188 690 4298 meracium·
720 4190 1312 4300 Helladomme

525 4349 954 4489 foliorum.

248 4609 404 4683 Paretur
419 4631 438 4682 e
454 4609 567 4683 Foliis
582 4610 835 4686 Belledonnae
850 4610 1054 4704 pulveratis
1069 4614 1111 4683 ut
1123 4608 1337 4683 Exiraoiurn

142 4737 296 4810 Aconiti.
