3500 5450
659 587 904 660 —279—

252 803 657 917 Piraeeum
699 802 892 940 opu
923 804 1312 944 simplem.

189 1026 285 1119 Rpe:
327 1018 485 1124 Spiritus
504 1023 580 1101 uu
601 1021 824 1102 corcoutrrti

843 1159 1048 1249 prummatu
1066 1155 1263 1252 monoptota
1335 1158 1387 1227 90

188 1281 304 1354 misce
324 1301 409 1353 cum
1185 1256 1187 1259 ¹

324 1404 445 1505 lqno
464 1403 679 1483 destitimus

577 1533 752 1629 prommis
773 1541 908 1608 centum
927 1544 959 1609 ct
979 1537 1249 1637 quinquaqinta.
1311 1539 1386 1610 150

297 1663 391 1735 Cum
408 1660 522 1754 huJus
542 1661 732 1735 miscellae
753 1683 783 1735 s,
804 1684 839 1755 q.
860 1685 1068 1757 consperge

295 1786 375 1891 opu
395 1787 520 1865 siccati
540 1810 668 1890 grosso
688 1787 872 1889 prirsrsti
899 1798 1104 1888 prommotc
1123 1792 1261 1887 aptati,
1333 1792 1384 1864 20

186 1918 274 2010 quin
296 1917 528 2009 conglobant.
548 1918 671 1991 Horae
691 1918 834 1990 circiter
854 1920 976 2011 spatio
997 1921 1125 2012 elapso
1154 1920 1282 2011 ingere
1302 1918 1386 2012 Opil

184 2046 373 2139 pulverem
391 2044 431 2117 in
450 2050 671 2138 apparatum
686 2046 941 2138 depulsorium
970 2052 1007 2121 et
1029 2047 1255 2140 supermnde
1284 2046 1386 2120 sulfi-

185 2174 343 2247 cientem
353 2171 599 2264 quantitatem
609 2173 796 2246 miscellae
812 2173 1046 2266 spirituosae,
1060 2179 1103 2248 ut
1115 2174 1265 2267 penitus
1281 2174 1384 2246 obte-

184 2306 301 2394 gatur.
321 2300 468 2374 Macera
485 2321 553 2393 per
572 2300 820 2392 quadraginta
838 2306 924 2375 octo
939 2302 1063 2374 horas.
1080 2301 1225 2389 Quibus
1246 2300 1386 2374 exactis

182 2428 367 2521 liquorem
413 2427 552 2499 stillare
603 2427 718 2501 sinas,
770 2428 937 2503 Residuo
988 2449 1055 2521 per
1097 2427 1198 2500 vices
1232 2426 1385 2500 aliunde

118 2586 121 2591 ·
182 2554 389 2628 miscellam
421 2553 661 2647 spirituosam
693 2554 894 2643 residuam,
934 2558 1055 2628 donec
1082 2555 1233 2648 poudus
1267 2551 1384 2626 totius

182 2681 336 2774 liquoris
356 2681 501 2756 collecti
520 2680 569 2755 sit
621 2687 862 2778 psammeticus
882 2681 1119 2756 ducentorum.
1303 2680 1382 2753 200

293 2809 472 2882 Tinclura
490 2807 574 2901 Opil
594 2809 751 2903 simplex
779 2811 818 2884 in
847 2814 996 2883 centum
1019 2811 1188 2904 partibus
1209 2807 1383 2881 solubilia

185 2937 316 3009 decem
335 2940 583 3028 grammatum
602 2935 686 3030 Opii
706 2938 849 3011 circiter
867 2938 1042 3026 continet,
1063 2936 1164 3029 quod
1185 2934 1383 3027 grammati

185 3064 250 3137 uni
269 3062 457 3155 Morphiui
475 3064 689 3157 respondet.

296 3190 511 3263 Grammata
521 3192 768 3283 quadraginta
777 3193 958 3266 tincturae
974 3191 1106 3264 eadem
1116 3191 1270 3281 ratione,
1287 3210 1384 3282 quae

186 3318 232 3391 dc
251 3318 430 3392 Tinctura
449 3316 533 3412 Opii
553 3325 700 3392 crocata
719 3319 949 3412 praescripta
969 3324 1037 3407 est,
1059 3318 1271 3391 examinata
1288 3338 1381 3410 pou·

187 3449 258 3520 dus
276 3445 463 3539 Morphini
482 3466 560 3519 non
579 3445 705 3518 minus
725 3466 838 3538 quam
858 3447 949 3518 038
971 3444 1183 3518 exhibeant.

476 3766 739 3876 'l'iuctura
765 3765 1092 3877 Rataulriac.

293 3993 449 4066 Paretur
484 4012 503 4063 e
529 3991 669 4064 Radice
689 3991 899 4065 Ratanlriae
917 3973 1112 4084 pulveiata
1145 3995 1188 4063 ut
1206 3989 1383 4062 Tinclura

185 4120 363 4194 Aurautii.

448 4403 710 4512 'linctum
735 4401 870 4512 lllrci
899 4436 1124 4544 aquosa.

186 4627 288 4721 ltpe:
328 4622 473 4703 lladlcis
492 4625 581 4703 ulo
599 4623 767 4703 concisso
820 4632 1025 4723 prummoto
1044 4626 1154 4699 decem
1334 4627 1381 4698 10

322 4749 431 4830 tutin
452 4749 634 4831 curbolio!
656 4751 892 4853 crystallum
946 4760 1149 4850 prorumpis
1171 4753 1243 4825 trio
1358 4755 1380 4824 3
