3500 5450
668 554 885 627 -103-

287 771 465 845 Gramma
476 792 592 844 unum
603 772 821 861 salisaeido
832 771 964 845 nitrico
974 769 1233 844 humectatum
1244 776 1376 863 etpost

177 898 465 973 exsiccationem
499 906 607 973 caute
642 898 809 990 ignitum,
839 899 1035 972 minimum
1069 898 1375 991 centigrammala

176 1026 305 1119 viginti
323 1031 467 1120 septem
493 1027 613 1118 (Oli)
643 1026 729 1099 ferri
754 1027 905 1119 oxydati
919 1026 1115 1118 relinquat,
1133 1026 1231 1118 quod
1254 1048 1374 1118 aquae

176 1154 339 1226 fervidae
358 1153 453 1226 nihil
472 1152 630 1227 solubile
650 1153 848 1248 impertiat.

285 1281 327 1355 In
348 1285 532 1374 apparatu
551 1281 704 1354 Marshii
739 1282 995 1354 examinatum
1028 1281 1184 1374 vestigia
1217 1281 1374 1354 arsenioi

176 1431 225 1482 ne
245 1409 427 1482 exhibeat.

286 1537 462 1610 Servetur
479 1557 570 1610 vase
590 1558 613 1609 a
630 1537 714 1610 luee
733 1542 888 1610 remoto.

175 2043 399 2150 Ferrum
435 2048 490 2150 et
515 2041 761 2149 Natrium
802 2041 1372 2186 pyropbosplrorioum.

284 2302 411 2376 Pulvis
426 2301 673 2394 crystallinus
691 2302 809 2392 albus
830 2302 978 2395 saporis
993 2303 1096 2391 salsi,
1116 2323 1194 2374 non
1214 2303 1371 2375 adstrin-

175 2432 304 2523 gentis

282 2556 326 2630 In
345 2577 446 2648 aqua
464 2556 597 2648 frigida
617 2556 813 2630 difficulter
846 2562 882 2629 et
915 2558 1025 2646 lente,
1053 2556 1121 2630 sed
1144 2557 1255 2649 plane
1275 2558 1373 2629 solu·

175 2684 271 2776 hilis,
291 2683 330 2757 in
362 2682 505 2756 fervida
537 2682 645 2758 facile
678 2683 846 2773 solvitur,
883 2683 1021 2758 solutio
1053 2683 1176 2758 induit
1208 2684 1373 2758 colorem

174 2812 396 2886 subflavum.
416 2811 471 2883 Ex
490 2811 674 2885 solutione
708 2833 853 2905 aquosa
884 2811 1018 2905 spiritu
1044 2810 1121 2883 vini
1155 2813 1212 2885 sal
1231 2813 1374 2905 integer

172 2938 448 3033 praecipitatur,
477 2938 603 3038 floreis
633 2940 726 3013 albis
761 2940 920 3013 emissis,
956 2938 1019 3011 Sal
1052 2959 1123 3031 ope
1143 2939 1195 3011 fili
1219 2940 1371 3033 platinei

173 3067 287 3139 limbo
307 3067 480 3138 flammae
500 3088 634 3159 parum
661 3067 821 3141 lucentis
855 3067 1061 3155 admotum,
1090 3066 1179 3139 huie
1208 3068 1372 3140 colorem

173 3194 319 3268 intense
340 3195 481 3267 ssavum
498 3193 637 3267 tribuit.

282 3320 426 3394 Solutio
453 3342 609 3413 aquosa,
636 3322 694 3394 vel
722 3344 791 3414 per
824 3322 968 3415 aliquot
987 3327 1138 3414 tempus
1174 3321 1222 3393 ad
1244 3321 1371 3394 ebulli-

173 3449 314 3521 tionem
343 3454 481 3537 evecta‚
509 3469 586 3520 uon
620 3449 803 3536 turbatur,
842 3449 910 3522 sed
948 3450 1074 3538 acidis,
1113 3448 1225 3521 etiarn
1262 3448 1370 3522 acido

171 3576 315 3665 nitrieO,
331 3575 486 3668 adjectis
505 3575 782 3669 praecipitatur.
804 3575 1062 3649 Sedimentum
1077 3576 1273 3667 coquendo
1293 3597 1369 3648 non

173 3703 415 3792 eonsumitur,
454 3702 527 3776 nisi
565 3704 682 3776 multo
721 3704 828 3776 acido
868 3703 1025 3794 adJecto
1073 3702 1209 3775 solutio
1240 3703 1371 3775 effecta

172 3832 336 3904 colorem
357 3852 402 3902 ex
421 3830 532 3903 rutilo
552 3831 692 3903 ssavum
709 3831 850 3924 recipit.

280 3957 408 4030 Natrio
429 3957 627 4030 carbonico
648 3959 784 4031 solutio
818 3980 965 4052 aquosa
997 3979 1074 4030 non
1093 3957 1369 4050 praecipitatur,

172 4087 313 4174 eadem,
335 4106 411 4158 non
430 4084 542 4157 nimis
564 4090 814 4174 concontrala,
836 4086 965 4158 addita
985 4083 1175 4157 ammonia
1206 4085 1369 4157 colorem

171 4214 301 4306 recipit
334 4233 380 4285 ex
411 4213 525 4285 rubro
558 4213 727 4299 luseum;
761 4213 859 4285 kalio
885 4212 1169 4304 hydrooxydato
1204 4212 1369 4285 admixto

172 4341 309 4414 solutio
328 4339 613 4434 praecipitatum
634 4340 787 4432 deponit
807 4340 943 4414 coloris
965 4361 1011 4411 ex
1030 4340 1143 4411 rubro
1163 4340 1269 4413 susci.

280 4468 335 4540 Ex
354 4466 540 4541 solutione
561 4488 708 4559 aquosa
727 4474 883 4561 argento
915 4467 1050 4539 nitrien
1083 4467 1369 4560 praecipitatum

171 4595 319 4670 ducitur
347 4591 485 4683 album,
515 4594 616 4688 quod
644 4596 681 4667 in
711 4594 817 4667 arido
847 4595 980 4667 nitrien
1009 4596 1186 4683 solutum,
1220 4596 1368 4669 nonnisi

171 4724 345 4815 exiguam
362 4722 623 4811 turbationem,
633 4726 786 4814 argento
798 4722 965 4795 chlorato
978 4724 1159 4811 effectam,
1170 4722 1367 4815 relinquat.
