3500 5450
654 585 893 659 -169-

491 797 721 940 Lignum
758 796 1038 935 duassiae.

281 1022 437 1111 Quassio
457 1046 582 1095 umero
601 1023 735 1115 Linn,
762 1024 886 1096 frutex
915 1027 980 1095 aut
1003 1023 1204 1096 arbuscula
1221 1023 1364 1096 Ameri-

167 1172 232 1224 cae
251 1151 427 1243 tropicae.
449 1149 724 1224 Simoruhoceae.

274 1279 434 1372 Lignum
453 1280 574 1353 trunci
595 1285 632 1353 et
649 1302 842 1353 ramorum
864 1280 1038 1372 (Lignum
1059 1279 1243 1367 Quassiae
1264 1278 1365 1351 Suri·

167 1410 361 1497 namense)
386 1407 425 1479 in
453 1408 658 1499 segmentis
683 1405 906 1499 cylindricis,
931 1406 1078 1499 pollicis
1106 1406 1153 1476 ad
1175 1428 1366 1479 summum

164 1534 307 1606 brachii
327 1534 587 1624 crassitudine,
616 1536 679 1608 vix
703 1535 960 1625 crassioribus
988 1533 1211 1627 plerumque
1232 1535 1367 1606 cortice

165 1661 278 1752 tenui,
306 1683 424 1734 unum
454 1662 502 1734 ad
522 1684 640 1736 unum
670 1668 706 1736 et
730 1663 927 1736 dimidium
952 1662 1206 1735 millimetrum
1226 1684 1366 1751 crasso,

166 1790 273 1863 facile
294 1790 504 1883 separabili,
525 1794 634 1862 extus
654 1789 762 1879 laevi,
787 1790 912 1881 griseo
933 1794 999 1862 aut
1016 1788 1204 1879 subfusco,
1224 1789 1368 1882 passim

167 1917 591 2010 nigrescentepunetatO,
616 1917 756 1990 fibroso
773 1917 943 2008 obtectis,
968 1916 1135 1990 albidum
1154 1917 1214 1990 vel
1228 1918 1367 1991 subila-

167 2065 337 2135 vescens,
348 2044 552 2135 leve‚faeile
564 2045 688 2135 fissile,
699 2044 861 2117 tenuiter
871 2044 1062 2132 fibrosum,
1073 2045 1367 2132 tenacissimum,

167 2173 206 2244 in
244 2172 410 2245 sectione
443 2177 660 2245 transversa
693 2171 808 2244 radiis
846 2170 1116 2244 medullaribus
1145 2173 1367 2260 tenerrimis,

169 2299 441 2393 approximatis
452 2300 678 2393 annulisque
687 2298 1006 2372 subconcentricis
1017 2299 1199 2390 angustis
1211 2299 1368 2374 instruc·

169 2428 216 2500 tis
236 2449 416 2501 vasorum
435 2426 619 2519 aperturis
642 2425 864 2518 plerumque
883 2426 981 2500 binis
1006 2432 1071 2499 aut
1096 2427 1211 2500 ternis
1237 2449 1366 2519 aggre-

168 2555 276 2648 gatis,
297 2556 367 2628 sub
386 2555 507 2627 forma
524 2557 749 2646 punctorum
770 2552 991 2626 albidorum.
1012 2554 1166 2647 Saporis
1192 2560 1248 2627 est
1267 2576 1368 2627 ama-

167 2682 316 2774 rissimi,
338 2682 402 2756 diu
422 2681 594 2755 faucibus
612 2680 815 2755 haerentis

275 2810 437 2902 Lignum
449 2806 657 2882 Simoruboe
672 2809 820 2882 excelsae
830 2814 842 2893 t
845 2808 876 2881 D
885 2808 951 2900 C.),
964 2809 1107 2883 arboris
1119 2810 1301 2904 imprimis
1311 2814 1366 2886 in·

166 2938 337 3012 sularum
355 2937 484 3011 Indiae
504 2936 755 3029 occidentalis,
776 2938 830 3011 sic
850 2936 991 3010 dietum
1005 2937 1166 3029 Lignum
1185 2940 1368 3028 Quassiae

166 3066 413 3156 lamaicense,
433 3070 610 3159 prostans
630 3066 669 3139 in
689 3066 894 3157 segmentis
914 3065 1166 3158 validioribus
1188 3049 1367 3141 diametro

167 3213 288 3284 usque
309 3193 356 3265 ad
375 3191 447 3265 tn'a
466 3193 669 3266 decimetra
688 3198 725 3267 et
742 3194 847 3285 ultra,
869 3194 1005 3266 cortice
1034 3195 1082 3267 ad
1111 3216 1230 3268 unum
1254 3198 1366 3269 eonti-

167 3327 329 3395 metrum
340 3325 479 3412 crasso,
501 3323 605 3413 duro,
625 3323 755 3416 rigide,
776 3324 934 3415 lignosa
949 3323 1171 3416 plerumque
1191 3330 1291 3397 arcte
1303 3326 1367 3397 ad-

167 3448 347 3523 haerente
384 3451 500 3542 tectiS,
536 3455 726 3525 caeterum
759 3471 895 3544 parum
928 3450 1103 3523 differens
1135 3470 1205 3522 nec
1234 3451 1369 3525 virtute

168 3575 315 3648 medica
346 3576 447 3668 ligno
478 3576 663 3665 Quassiae
692 3598 843 3650 amarae
873 3577 1021 3668 cedens,
1056 3577 1168 3650 etiam
1201 3578 1369 3652 adbiberi

167 3701 263 3793 licet
284 3723 331 3775 ne
351 3724 440 3776 vero
460 3704 683 3777 adhibeatur
701 3726 837 3778 rasura
856 3704 1013 3778 venalis.

279 3828 494 3903 Detractum.

407 4154 637 4297 Lignum
664 4153 874 4263 Santali
900 4154 1142 4265 rubrum.

277 4376 515 4474 Pterocarpus
529 4379 730 4452 santelinus
745 4380 869 4453 Linn.
891 4381 962 4469 fil,
983 4381 1094 4453 arbor
1106 4381 1232 4455 Indiae
1248 4383 1368 4456 orien-

171 4504 266 4578 talis.
287 4504 552 4603 Leguminosae.
577 4505 854 4602 Popilianaceae.

279 4632 471 4707 Duramen
488 4634 622 4725 trunci,
642 4634 842 4708 liberatum
870 4657 895 4708 a
922 4636 1056 4709 cortice
1088 4641 1125 4709 et
1144 4636 1191 4709 ab
1212 4636 1370 4709 alburno

173 4760 305 4852 albido,
320 4767 498 4854 prostans
508 4763 547 4834 in
559 4762 750 4835 codicibus
762 4764 1014 4855 etsegmentis
1023 4786 1091 4857 per
1100 4764 1372 4855 longitudinem
