3500 5450
871 442 1115 514 -160-

397 659 565 752 partibus
586 658 773 732 bullientis
794 658 975 733 solubilis.
996 658 1239 732 Ferveiaetus
1255 658 1410 731 odorem
1430 658 1596 731 saceban‘

398 787 490 859 tosti
510 787 664 879 spargit,
686 786 920 860 carbonescit
940 791 976 859 et
994 807 1163 859 massam
1191 786 1387 858 alcalinam
1414 784 1596 877 relinquit,

398 936 495 1006 quae
517 935 588 1006 ope
607 914 658 986 fili
683 915 835 1007 platinei
859 914 1033 987 flammae
1059 913 1222 1002 admota,
1249 912 1348 985 hanc
1374 913 1497 986 colore
1518 914 1595 987 vio·

396 1043 506 1115 laceo
526 1042 651 1114 inficit.
674 1043 856 1115 Solutioni
877 1042 962 1114 kalii
982 1041 1167 1114 carbonici
1188 1041 1379 1114 immixtus
1405 1042 1476 1113 sub
1497 1041 1597 1114 effer-

400 1170 595 1244 vescentia
614 1169 778 1242 solvitur.

514 1296 641 1370 Pulvis
658 1297 748 1370 salis
764 1319 850 1369 cum
870 1317 969 1389 aqua
989 1295 1176 1370 destillata
1190 1299 1405 1387 quassatus,
1421 1296 1598 1387 liquorem

305 1411 309 1418 ’
398 1426 586 1519 praebeat,
615 1426 678 1517 qui
703 1424 864 1497 filtratus
884 1445 953 1497 nec
975 1446 1074 1518 aqua
1097 1423 1416 1515 hydrosulftuata,
1436 1445 1504 1496 nec
1523 1447 1598 1498 arn·

402 1553 530 1626 monio
561 1552 755 1641 sulfurato
784 1574 865 1641 nec,
894 1552 1001 1626 acido
1026 1551 1157 1625 nitrico
1187 1550 1302 1623 diluto
1321 1551 1461 1640 addite,
1485 1553 1597 1644 baryo

401 1680 532 1754 uitrico
553 1684 726 1769 mutetur,
747 1685 902 1772 argento
922 1680 1051 1754 uitrico
1071 1681 1332 1753 tantummodo
1346 1679 1477 1752 leviter
1508 1701 1595 1774 opa-

401 1807 529 1880 lescat.
552 1807 645 1881 Cum
665 1808 764 1881 kalio
784 1808 1070 1900 hydrooxydato
1090 1807 1291 1881 calefactus
1307 1807 1535 1880 ammoniam
1549 1831 1596 1881 ne

400 1936 555 2009 emittat.

510 2061 752 2135 mortuarium
772 2064 963 2135 leviticum.
987 2062 1119 2158 Species
1137 2064 1295 2135 latrantes
1313 2060 1364 2135 St.
1391 2060 1566 2135 Germaio.

592 2458 805 2568 llalium
830 2459 1409 2602 hypermouganicum.

506 2702 679 2795 Crystalli
697 2704 947 2798 prismaticae,
969 2703 1104 2777 coloris
1124 2702 1271 2777 intense
1288 2704 1456 2795 violacei,
1472 2708 1594 2780 metal-

398 2831 466 2903 lice
493 2831 748 2926 splendentes
775 2833 923 2926 saporis
946 2854 1081 2927 parum
1105 2832 1384 2925 adstringentis
1413 2833 1453 2907 in
1482 2856 1595 2927 aquae

399 2960 569 3053 partibus
591 2960 755 3032 sedecim
772 2960 916 3033 circiter
926 2959 1121 3047 solubiles;
1144 2962 1281 3033 solutio
1292 2982 1449 3052 aquosa,
1466 2963 1595 3036 coloris

399 3111 418 3160 e
459 3090 630 3162 caeruleo
663 3089 777 3176 rubri,
804 3090 917 3162 variis
956 3088 1179 3162 substantiis
1219 3095 1256 3162 et
1287 3090 1530 3164 mineralibus
1561 3103 1594 3170 ct

401 3217 598 3311 organicis
658 3217 829 3308 oxygonii
876 3216 1141 3312 appetentibus
1181 3217 1475 3311 decomponitur,
1513 3221 1594 3293 hinc

399 3346 585 3420 solutione
616 3344 701 3417 feni
730 3345 907 3431 sulfurici,
943 3344 1089 3436 adjecto
1123 3345 1231 3417 acido
1266 3345 1442 3418 sulfurico
1472 3347 1594 3437 diluto,

399 3473 646 3547 decoloratur.
667 3472 772 3544 Kaiio
784 3471 1069 3564 hydrooxydato
1091 3471 1271 3544 calefacta
1286 3474 1389 3545 color
1404 3474 1594 3549 solutionis

396 3603 436 3675 in
455 3600 611 3674 viridem
629 3604 803 3672 mutetur.

509 3727 686 3800 Gramma
701 3727 895 3800 dimidium
910 3728 1004 3800 Kalii
1019 3728 1361 3820 hypermangauici,
1378 3750 1463 3801 cum
1479 3752 1592 3821 gram·

399 3857 469 3928 nris
497 3855 645 3928 duobus
666 3856 819 3948 spiritus
847 3856 923 3928 vini
949 3855 1177 3927 concentrati
1211 3860 1247 3926 et
1279 3855 1594 3949 vigintiquinque

398 4005 520 4075 aquae
546 3983 594 4055 ad
628 3983 884 4057 ebullitionem
902 3982 1157 4069 fervefactum,
1186 3983 1366 4056 filtratum
1388 3984 1594 4058 decolorem

397 4112 586 4205 praebeat,
612 4111 713 4203 quod
734 4112 849 4203 baryo
868 4111 1001 4184 uitrico
1027 4111 1085 4182 vel
1105 4115 1261 4201 argento
1282 4112 1414 4184 nitrico
1437 4113 1500 4184 vix
1528 4118 1594 4185 tur·

399 4241 516 4328 betur,
551 4261 621 4311 nec
655 4239 763 4311 acido
789 4238 967 4336 sulfurico
988 4243 1230 4311 concentrato
1251 4242 1288 4310 el
1308 4239 1496 4312 solutione
1515 4240 1593 4313 ferri

399 4368 564 4442 sulfurici
585 4367 724 4456 addito,
745 4388 879 4440 zonam
898 4367 1176 4440 rubro-fuscam
1197 4366 1379 4439 exhibeat.

509 4495 685 4569 Servetur
704 4518 795 4568 vase
815 4495 954 4589 optime
976 4495 1104 4568 clauso
1124 4494 1196 4567 luci
1215 4494 1407 4587 impervie.
