3500 5450
962 549 1174 624 ..50-

579 773 794 845 Grammata
824 771 899 843 duo
920 770 1071 844 Chinini
1099 770 1266 845 sulfurici
1290 769 1544 843 infundantur
1564 771 1662 844 cent·

465 899 594 972 metris
632 898 774 972 cubicis
812 899 943 991 viginti
990 921 1111 992 aquae
1150 899 1360 973 destillatae
1408 904 1445 972 et
1492 898 1661 972 continuo

466 1026 642 1118 agitando
681 1026 855 1100 calefiant
891 1026 929 1098 in
968 1027 1105 1100 balneo
1145 1047 1267 1119 aquae
1301 1025 1349 1098 ad
1378 1029 1661 1118 temperaturam

465 1153 611 1225 circiter
650 1153 740 1225 600.
775 1153 944 1226 Miscella
976 1159 1181 1246 seponatur
1212 1174 1280 1246 per
1317 1154 1468 1243 horam,
1506 1152 1599 1224 dein
1632 1154 1660 1225 iu

464 1302 606 1373 aquam
624 1280 797 1372 frigidam
816 1281 993 1355 immersa
1017 1304 1085 1375 per
1104 1284 1334 1356 semihoram
1352 1283 1595 1374 refrigeretur
1611 1281 1660 1367 ita,

463 1414 505 1482 ut
541 1414 792 1501 temperatura
828 1430 951 1502 neque
996 1411 1066 1483 150
1108 1416 1270 1504 superat
1308 1431 1431 1503 neque
1460 1410 1566 1482 infra
1599 1410 1657 1481 15⁰

464 1538 625 1611 recedat.
662 1537 745 1609 Jam
770 1538 866 1610 filtro
887 1538 987 1611 sicco
1007 1540 1172 1612 filtretur.
1203 1538 1378 1631 Liquoris
1399 1536 1532 1611 filtrati
1563 1538 1658 1609 centi-

464 1670 584 1737 metra
618 1664 751 1737 cubica
785 1665 951 1758 quinque
985 1666 1127 1740 sensim
1162 1667 1389 1740 misceantur
1418 1686 1507 1738 cum
1539 1666 1657 1737 centn'-

464 1792 592 1865 metris
613 1792 753 1864 cubicis
781 1798 927 1884 septem
957 1799 994 1866 et
1022 1793 1220 1866 dimidimn
1249 1796 1326 1885 (tn
1340 1793 1412 1883 CC)
1443 1791 1658 1865 ammoniae.

465 1918 722 1992 Sedimentum
749 1918 921 2012 primitus
947 1926 1100 1994 enatum
1120 1921 1331 1993 ammoniae
1353 1920 1566 2013 quantitate
1586 1941 1657 1991 con·

464 2053 589 2120 sumta
616 2048 728 2140 plane
757 2048 925 2120 solvatur
952 2048 1013 2135 ita,
1042 2055 1085 2122 ut
1103 2049 1226 2141 liquor
1244 2048 1421 2141 limpidus
1442 2047 1586 2120 evadat
1603 2067 1656 2119 nec

464 2176 570 2250 ssocci
590 2198 668 2250 non
688 2176 800 2249 soluti
820 2184 1049 2252 remaneant

574 2304 777 2377 Chininum
796 2305 1017 2379 sulfuricum
1046 2307 1168 2380 calore
1194 2308 1291 2379 100Ο
1311 2304 1494 2377 siccatum
1515 2305 1655 2397 neptus

466 2455 579 2525 quam
601 2432 814 2525 quindecim
831 2440 959 2526 partes
980 2435 1206 2508 centesimas
1230 2433 1408 2526 ponderis
1438 2433 1498 2506 sui
1526 2433 1654 2525 perdat

463 2559 503 2632 In
524 2558 666 2631 lamina
683 2559 848 2651 platinea
867 2561 948 2633 sine
967 2561 1119 2634 residuo
1140 2561 1345 2633 comburat.

765 2864 1052 2975 Chininum
1077 2866 1371 2981 tannieum.

463 3071 563 3164 Rpe:
599 3068 741 3148 citent
761 3070 930 3150 811111·ίοὶ
1118 3078 1316 3168 yrantmatu
1335 3070 1445 3143 decem
1616 3070 1652 3139 10

465 3200 569 3272 solve
589 3199 628 3271 in

571 3323 673 3402 Aeidi
693 3324 864 3403 sulfurlei
883 3323 991 3401 diluti
1119 3328 1289 3423 qrammis
1309 3350 1367 3398 scr
1635 3323 1651 3392 0

571 3452 692 3554 Aquae
712 3451 921 3530 destinatae
1116 3455 1288 3549 mammis
1307 3452 1470 3526 trecentis.
1589 3450 1651 3521 300

571 3581 807 3656 Solutionem
827 3582 1004 3655 filtratam
1023 3581 1138 3654 misce
1160 3604 1246 3654 cum

571 3706 673 3784 tetii
691 3708 827 3784 ueniet
1118 3709 1286 3806 oretanis
1295 3706 1545 3805 viqintitribus
1612 3704 1650 3775 13

462 3836 594 3910 solutis
615 3837 653 3909 in

569 3962 691 4066 Aquae
710 3961 923 4041 destinatae
1117 3966 1286 4061 yronunis
1304 3968 1434 4035 centum
1455 3960 1560 4056 qain-

1170 4090 1350 4186 quaqinto.
1590 4088 1648 4158 150

569 4220 647 4293 Stet
684 4220 723 4291 in
757 4221 840 4292 loco
869 4217 1016 4309 frigido.
1047 4217 1336 4309 Praecipitatum
1355 4221 1480 4289 ortum
1501 4215 1541 4287 in
1567 4214 1646 4286 filtro

461 4347 659 4419 collectum
679 4367 764 4418 cum

569 4470 688 4571 Aquae
708 4467 919 4547 destillatae
1112 4494 1229 4566 parva
1248 4472 1440 4566 quantitate

460 4602 554 4689 elue,
574 4600 649 4673 leni
669 4601 791 4672 calore
813 4600 887 4671 300
912 4619 989 4671 non
1008 4599 1210 4670 excedente
1235 4597 1336 4670 sicca
1356 4602 1391 4669 et
1412 4597 1450 4668 in
1469 4599 1644 4690 pulverem

459 4728 660 4802 contritum
679 4749 797 4801 serva.
