3500 5450
896 545 1135 624 -erlm

552 757 703 843 Fructus
723 759 907 845 Focnlculi

554 889 714 970 sotrum
735 893 904 997 deputati

976 1023 1023 1098 uu
1041 1034 1243 1124 pronuncio
1263 1027 1424 1124 quinque.
1589 1033 1613 1103 5

528 1150 720 1224 Subtiliter
751 1153 949 1244 pulverata
977 1155 1105 1227 intime
1133 1157 1247 1229 misce
1284 1160 1320 1228 et
1347 1178 1415 1247 per
1453 1157 1614 1230 cribrum

417 1283 611 1351 setaceum
630 1277 768 1372 trajice.

680 1550 973 1661 Radia·
1010 1508 1349 1666 Aconum.

839 1760 1196 1839 massanum.

524 1935 710 2007 *leonicum
748 1935 917 2031 Napcllus
960 1938 1092 2010 Lirin.
1146 1939 1299 2032 ejusque
1337 1940 1537 2012 varietates
1574 1939 1614 2011 in

414 2062 556 2134 nostris
576 2063 723 2154 alpibus
743 2064 949 2155 indigenae.
970 2065 1266 2138 detruncatorem.

526 2191 675 2263 Tubero
693 2190 927 2283 napilormia,
947 2192 1123 2265 radiculis
1142 2195 1317 2267 tenuibus
1337 2195 1550 2267 numerosis
1575 2195 1613 2266 iu

417 2318 518 2389 omni
539 2318 682 2390 ambitu
702 2318 872 2407 obsessa,
893 2340 1053 2410 superne
1072 2320 1224 2394 residuo
1245 2322 1360 2394 caulis
1381 2327 1446 2395 aut
1464 2344 1613 2414 gemma

415 2445 622 2533 terminata,
648 2452 712 2518 aut
732 2446 908 2533 solitaria,
935 2453 1000 2519 aut
1024 2448 1111 2519 bina
1136 2449 1288 2542 imparis
1317 2451 1449 2522 aetatis
1478 2450 1611 2523 cohae-

414 2574 544 2663 rentia,
587 2574 751 2646 recentia
788 2575 1020 2662 succulenta,
1055 2575 1194 2648 siccata
1232 2577 1342 2665 dura,
1389 2578 1611 2670 ponderosa,

416 2707 577 2794 quatuor
606 2701 654 2774 ad
684 2705 769 2775 octo
800 2701 1015 2774 centimetra
1037 2702 1160 2796 longa,
1186 2726 1346 2797 superne
1372 2705 1446 2779 duo
1467 2706 1516 2778 ad
1544 2706 1612 2779 tria

418 2832 634 2903 centimetra
656 2851 794 2919 crassa,
809 2837 918 2903 extus
936 2832 1094 2903 obscure
1114 2831 1229 2919 lusca,
1248 2854 1376 2924 opaca,
1395 2833 1613 2926 plerumque

416 2958 731 3050 longitudinaliter
759 2979 899 3047 rugosa
933 2962 968 3030 et
987 2957 1160 3062 radiculis
1182 2958 1372 3047 mundata,
1391 2958 1530 3052 ubique
1550 2960 1612 3031 mi-

417 3086 537 3159 nutim
557 3085 773 3172 cicatrisata,
793 3085 830 3155 in
845 3084 1006 3156 fractura
1021 3085 1167 3177 aequali
1182 3085 1313 3174 solida,
1335 3087 1531 3176 farinacea,
1551 3093 1613 3159 aut

417 3214 638 3301 subcornea,
659 3213 745 3284 alba
764 3217 828 3284 aut
848 3212 1086 3302 griseo-alba.

525 3341 567 3413 ln
607 3340 769 3412 sectione
808 3346 1026 3412 transversa
1064 3339 1285 3413 observatur
1331 3346 1460 3414 cortex
1506 3343 1612 3426 latus,

418 3490 440 3541 a
459 3468 624 3542 medulla
644 3468 769 3560 ampla
783 3467 919 3539 circulo
940 3467 1202 3540 fasciculorum
1220 3467 1308 3559 ligni
1337 3468 1613 3559 augustissimo,

417 3596 816 3687 stellatiminquinque
837 3595 885 3667 ad
905 3601 1049 3686 septem
1068 3595 1194 3668 radios
1213 3600 1396 3688 porrecto,
1408 3602 1611 3688 separatus.

526 3722 629 3798 Odor
666 3724 826 3796 recentis
864 3721 999 3795 radicis
1038 3728 1096 3795 est
1130 3723 1237 3812 acris,
1275 3722 1435 3815 raphani
1469 3723 1609 3810 similis,

419 3851 579 3923 siccatae
617 3850 744 3922 nullus
752 3873 760 3938 ;
809 3849 1006 3922 masticata
1044 3850 1092 3922 ab
1130 3850 1233 3924 initio
1272 3851 1456 3942 exiguam,
1495 3853 1611 3924 serius

418 3978 637 4050 acerrimam
662 3976 724 4050 diu
753 3977 972 4050 haerentem
990 3976 1163 4068 producit
1192 3979 1458 4068 sensationem,
1490 3981 1612 4052 relicta

415 4104 656 4177 anaestbesia
674 4104 834 4196 linguae.

524 4231 728 4305 Fodiantur
743 4232 874 4305 tubera
888 4232 1037 4323 plantae
1059 4239 1290 4324 spontaneae
1311 4235 1488 4323 florentis
1509 4240 1610 4306 caute

415 4360 592 4432 siccanda
611 4365 648 4433 et
667 4359 864 4432 servanda.

522 4486 752 4579 Rejiciautur
805 4488 938 4559 tubera
989 4487 1147 4560 aliarum
1194 4488 1341 4560 Aconiti
1393 4488 1607 4582 specierum,

413 4616 594 4708 imprimis
614 4615 757 4687 Acoaiti
776 4614 948 4711 curieputi
974 4615 1135 4705 (Lirin),
1156 4614 1340 4707 prioribus
1356 4615 1512 4687 minora.

522 4742 741 4816 benacum.
768 4742 948 4815 Tinctum.
