<?xml version="1.0" encoding="UTF-8"?>
<!DOCTYPE html PUBLIC "-//W3C//DTD XHTML 1.0 Transitional//EN"
    "http://www.w3.org/TR/xhtml1/DTD/xhtml1-transitional.dtd">
<html xmlns="http://www.w3.org/1999/xhtml" xml:lang="en" lang="en">
 <head>
  <title>
</title>
<meta http-equiv="Content-Type" content="text/html;charset=utf-8" />
  <meta name='ocr-system' content='tesseract 3.04.00' />
  <meta name='ocr-capabilities' content='ocr_page ocr_carea ocr_par ocr_line ocrx_word'/>
</head>
<body>
  <div class='ocr_page' id='page_1' title='image "./pharmacopoeaaus02unkngoog_0128.png"; bbox 0 0 3500 5450; ppageno 0'>
   <div class='ocr_carea' id='block_1_1' title="bbox 816 539 1138 662">
    <p class='ocr_par' dir='ltr' id='par_1_1' title="bbox 816 539 1138 662">
     <span class='ocr_line' id='line_1_1' title="bbox 816 539 1138 662; baseline 0.016 -20"><span class='ocrx_word' id='word_1_1' title='bbox 816 539 819 544; x_wconf 73' lang='grc'>’</span> <span class='ocrx_word' id='word_1_2' title='bbox 929 573 1138 662; x_wconf 72' lang='lat' dir='ltr'>¹..roo-</span> 
     </span>
    </p>
   </div>
   <div class='ocr_carea' id='block_1_2' title="bbox 432 787 1631 1775">
    <p class='ocr_par' dir='ltr' id='par_1_2' title="bbox 432 787 1631 1135">
     <span class='ocr_line' id='line_1_2' title="bbox 432 787 1630 885; baseline 0.005 -28"><span class='ocrx_word' id='word_1_3' title='bbox 432 787 546 859; x_wconf 91' lang='lat' dir='ltr'>tionis</span> <span class='ocrx_word' id='word_1_4' title='bbox 581 788 760 874; x_wconf 67' lang='lat' dir='ltr'>neutrius</span> <span class='ocrx_word' id='word_1_5' title='bbox 796 791 942 885; x_wconf 84' lang='lat' dir='ltr'>saporis</span> <span class='ocrx_word' id='word_1_6' title='bbox 973 791 1106 864; x_wconf 87' lang='lat' dir='ltr'>leniter</span> <span class='ocrx_word' id='word_1_7' title='bbox 1135 789 1413 881; x_wconf 79' lang='lat' dir='ltr'>adstringentis,</span> <span class='ocrx_word' id='word_1_8' title='bbox 1443 790 1518 883; x_wconf 84' lang='lat' dir='ltr'>qui,</span> <span class='ocrx_word' id='word_1_9' title='bbox 1559 811 1630 864; x_wconf 88' lang='lat' dir='ltr'>una</span> 
     </span>
     <span class='ocr_line' id='line_1_3' title="bbox 435 914 1631 1011; baseline 0.005 -25"><span class='ocrx_word' id='word_1_10' title='bbox 435 918 541 1005; x_wconf 89' lang='lat' dir='ltr'>gutta</span> <span class='ocrx_word' id='word_1_11' title='bbox 562 914 656 986; x_wconf 85' lang='lat' dir='ltr'>acidi</span> <span class='ocrx_word' id='word_1_12' title='bbox 677 916 847 989; x_wconf 87' lang='lat' dir='ltr'>sulfurioi</span> <span class='ocrx_word' id='word_1_13' title='bbox 867 917 972 991; x_wconf 92' lang='lat' dir='ltr'>diluti</span> <span class='ocrx_word' id='word_1_14' title='bbox 1001 917 1157 1011; x_wconf 86' lang='lat' dir='ltr'>adjecta,</span> <span class='ocrx_word' id='word_1_15' title='bbox 1178 917 1354 991; x_wconf 89' lang='lat' dir='ltr'>continuo</span> <span class='ocrx_word' id='word_1_16' title='bbox 1374 917 1411 989; x_wconf 91' lang='lat' dir='ltr'>in</span> <span class='ocrx_word' id='word_1_17' title='bbox 1430 918 1631 1010; x_wconf 88' lang='lat' dir='ltr'>gelatinam</span> 
     </span>
     <span class='ocr_line' id='line_1_4' title="bbox 435 1042 1246 1135; baseline 0.004 -22"><span class='ocrx_word' id='word_1_18' title='bbox 435 1042 558 1129; x_wconf 83' lang='lat' dir='ltr'>abeat,</span> <span class='ocrx_word' id='word_1_19' title='bbox 576 1042 674 1114; x_wconf 86' lang='lat' dir='ltr'>lcrro</span> <span class='ocrx_word' id='word_1_20' title='bbox 694 1042 980 1135; x_wconf 84' lang='lat' dir='ltr'>hydrooxydato</span> <span class='ocrx_word' id='word_1_21' title='bbox 1000 1046 1246 1119; x_wconf 84' lang='lat' dir='ltr'>efformatam.</span> 
     </span>
    </p>

    <p class='ocr_par' dir='ltr' id='par_1_3' title="bbox 433 1169 1631 1646">
     <span class='ocr_line' id='line_1_5' title="bbox 540 1169 1631 1266; baseline 0.004 -26"><span class='ocrx_word' id='word_1_22' title='bbox 540 1169 678 1261; x_wconf 85' lang='lat' dir='ltr'>Viginti</span> <span class='ocrx_word' id='word_1_23' title='bbox 697 1176 910 1261; x_wconf 82' lang='lat' dir='ltr'>grammata</span> <span class='ocrx_word' id='word_1_24' title='bbox 938 1173 1092 1265; x_wconf 88' lang='lat' dir='ltr'>liquoris</span> <span class='ocrx_word' id='word_1_25' title='bbox 1122 1172 1170 1245; x_wconf 90' lang='lat' dir='ltr'>ad</span> <span class='ocrx_word' id='word_1_26' title='bbox 1200 1171 1407 1244; x_wconf 85' lang='lat' dir='ltr'>siccitatem</span> <span class='ocrx_word' id='word_1_27' title='bbox 1430 1178 1631 1266; x_wconf 87' lang='lat' dir='ltr'>evaporata</span> 
     </span>
     <span class='ocr_line' id='line_1_6' title="bbox 433 1296 1631 1392; baseline 0.003 -24"><span class='ocrx_word' id='word_1_28' title='bbox 433 1296 527 1369; x_wconf 90' lang='lat' dir='ltr'>etin</span> <span class='ocrx_word' id='word_1_29' title='bbox 547 1296 684 1369; x_wconf 91' lang='lat' dir='ltr'>balneo</span> <span class='ocrx_word' id='word_1_30' title='bbox 709 1319 845 1371; x_wconf 88' lang='lat' dir='ltr'>arenae</span> <span class='ocrx_word' id='word_1_31' title='bbox 881 1300 1068 1389; x_wconf 81' lang='lat' dir='ltr'>calefacta,</span> <span class='ocrx_word' id='word_1_32' title='bbox 1103 1301 1223 1373; x_wconf 87' lang='lat' dir='ltr'>donec</span> <span class='ocrx_word' id='word_1_33' title='bbox 1255 1298 1406 1392; x_wconf 90' lang='lat' dir='ltr'>pondus</span> <span class='ocrx_word' id='word_1_34' title='bbox 1437 1299 1518 1391; x_wconf 88' lang='lat' dir='ltr'>jam</span> <span class='ocrx_word' id='word_1_35' title='bbox 1558 1321 1631 1372; x_wconf 89' lang='lat' dir='ltr'>nou</span> 
     </span>
     <span class='ocr_line' id='line_1_7' title="bbox 434 1423 1630 1519; baseline 0.005 -24"><span class='ocrx_word' id='word_1_36' title='bbox 434 1423 690 1512; x_wconf 82' lang='lat' dir='ltr'>imminuatur,</span> <span class='ocrx_word' id='word_1_37' title='bbox 729 1425 924 1498; x_wconf 90' lang='lat' dir='ltr'>residuum</span> <span class='ocrx_word' id='word_1_38' title='bbox 951 1427 1163 1519; x_wconf 82' lang='lat' dir='ltr'>relinquant</span> <span class='ocrx_word' id='word_1_39' title='bbox 1195 1426 1375 1519; x_wconf 87' lang='lat' dir='ltr'>ponderis</span> <span class='ocrx_word' id='word_1_40' title='bbox 1414 1428 1630 1518; x_wconf 89' lang='lat' dir='ltr'>grammalis</span> 
     </span>
     <span class='ocr_line' id='line_1_8' title="bbox 433 1549 1464 1646; baseline 0.004 -23"><span class='ocrx_word' id='word_1_41' title='bbox 433 1549 560 1639; x_wconf 78' lang='lat' dir='ltr'>uniuS,</span> <span class='ocrx_word' id='word_1_42' title='bbox 582 1552 685 1643; x_wconf 92' lang='lat' dir='ltr'>quod</span> <span class='ocrx_word' id='word_1_43' title='bbox 705 1556 826 1624; x_wconf 88' lang='lat' dir='ltr'>tolum</span> <span class='ocrx_word' id='word_1_44' title='bbox 845 1553 921 1625; x_wconf 87' lang='lat' dir='ltr'>iere</span> <span class='ocrx_word' id='word_1_45' title='bbox 943 1557 1089 1626; x_wconf 88' lang='lat' dir='ltr'>constet</span> <span class='ocrx_word' id='word_1_46' title='bbox 1108 1575 1154 1626; x_wconf 83' lang='lat' dir='ltr'>ex</span> <span class='ocrx_word' id='word_1_47' title='bbox 1173 1554 1270 1625; x_wconf 86' lang='lat' dir='ltr'>ferro</span> <span class='ocrx_word' id='word_1_48' title='bbox 1291 1554 1464 1646; x_wconf 80' lang='lat' dir='ltr'>oxydato.</span> 
     </span>
    </p>

    <p class='ocr_par' dir='ltr' id='par_1_4' title="bbox 541 1678 1630 1775">
     <span class='ocr_line' id='line_1_9' title="bbox 541 1678 1630 1775; baseline 0.003 -24"><span class='ocrx_word' id='word_1_49' title='bbox 541 1678 769 1752; x_wconf 89' lang='lat' dir='ltr'>Centimetra</span> <span class='ocrx_word' id='word_1_50' title='bbox 790 1679 922 1753; x_wconf 86' lang='lat' dir='ltr'>cubica</span> <span class='ocrx_word' id='word_1_51' title='bbox 942 1680 1107 1773; x_wconf 89' lang='lat' dir='ltr'>quinque</span> <span class='ocrx_word' id='word_1_52' title='bbox 1129 1682 1168 1771; x_wconf 90' lang='lat'>(5</span> <span class='ocrx_word' id='word_1_53' title='bbox 1190 1681 1274 1772; x_wconf 87' lang='lat' dir='ltr'><strong>CC.)</strong></span> <span class='ocrx_word' id='word_1_54' title='bbox 1295 1680 1409 1772; x_wconf 89' lang='lat' dir='ltr'>hujus</span> <span class='ocrx_word' id='word_1_55' title='bbox 1419 1683 1630 1775; x_wconf 82' lang='lat' dir='ltr'>praeparati</span> 
     </span>
    </p>
   </div>
   <div class='ocr_carea' id='block_1_3' title="bbox 255 1785 1630 1899">
    <p class='ocr_par' dir='ltr' id='par_1_5' title="bbox 255 1785 1630 1899">
     <span class='ocr_line' id='line_1_10' title="bbox 255 1785 1630 1899; baseline 0.004 -23"><span class='ocrx_word' id='word_1_56' title='bbox 255 1785 258 1790; x_wconf 36' lang='lat'>¹</span> <span class='ocrx_word' id='word_1_57' title='bbox 297 1858 299 1862; x_wconf 82' lang='lat'><em>-</em></span> <span class='ocrx_word' id='word_1_58' title='bbox 432 1827 517 1877; x_wconf 89' lang='lat' dir='ltr'>cum</span> <span class='ocrx_word' id='word_1_59' title='bbox 538 1806 686 1897; x_wconf 90' lang='lat' dir='ltr'>aequali</span> <span class='ocrx_word' id='word_1_60' title='bbox 705 1807 896 1880; x_wconf 90' lang='lat' dir='ltr'>volumine</span> <span class='ocrx_word' id='word_1_61' title='bbox 917 1806 1013 1879; x_wconf 90' lang='lat' dir='ltr'>acidi</span> <span class='ocrx_word' id='word_1_62' title='bbox 1033 1807 1155 1880; x_wconf 87' lang='lat' dir='ltr'>uitrici</span> <span class='ocrx_word' id='word_1_63' title='bbox 1176 1808 1281 1880; x_wconf 91' lang='lat' dir='ltr'>diluti</span> <span class='ocrx_word' id='word_1_64' title='bbox 1301 1808 1490 1899; x_wconf 85' lang='lat' dir='ltr'>calefacta,</span> <span class='ocrx_word' id='word_1_65' title='bbox 1511 1810 1630 1882; x_wconf 90' lang='lat' dir='ltr'>donec</span> 
     </span>
    </p>
   </div>
   <div class='ocr_carea' id='block_1_4' title="bbox 382 1933 1630 2661">
    <p class='ocr_par' dir='ltr' id='par_1_6' title="bbox 382 1933 1630 2409">
     <span class='ocr_line' id='line_1_11' title="bbox 430 1933 1629 2027; baseline 0.002 -21"><span class='ocrx_word' id='word_1_66' title='bbox 430 1933 568 2006; x_wconf 89' lang='lat' dir='ltr'>solutio</span> <span class='ocrx_word' id='word_1_67' title='bbox 578 1933 732 2027; x_wconf 89' lang='lat' dir='ltr'>limpida</span> <span class='ocrx_word' id='word_1_68' title='bbox 746 1934 922 2006; x_wconf 76' lang='lat' dir='ltr'>subflavo</span> <span class='ocrx_word' id='word_1_69' title='bbox 937 1935 1107 2023; x_wconf 81' lang='lat' dir='ltr'>evaserit,</span> <span class='ocrx_word' id='word_1_70' title='bbox 1122 1935 1241 2008; x_wconf 83' lang='lat' dir='ltr'>tribus</span> <span class='ocrx_word' id='word_1_71' title='bbox 1252 1936 1479 2008; x_wconf 87' lang='lat' dir='ltr'>centimetris</span> <span class='ocrx_word' id='word_1_72' title='bbox 1491 1937 1629 2009; x_wconf 83' lang='lat' dir='ltr'>cubicis</span> 
     </span>
     <span class='ocr_line' id='line_1_12' title="bbox 433 2060 1630 2154; baseline 0.003 -22"><span class='ocrx_word' id='word_1_73' title='bbox 433 2065 471 2132; x_wconf 91' lang='lat' dir='ltr'>et</span> <span class='ocrx_word' id='word_1_74' title='bbox 489 2060 642 2132; x_wconf 90' lang='lat' dir='ltr'>dimidio</span> <span class='ocrx_word' id='word_1_75' title='bbox 663 2061 741 2152; x_wconf 86' lang='lat'><strong>(3·5</strong></span> <span class='ocrx_word' id='word_1_76' title='bbox 763 2061 847 2153; x_wconf 84' lang='lat' dir='ltr'><strong>CC.)</strong></span> <span class='ocrx_word' id='word_1_77' title='bbox 870 2062 1071 2134; x_wconf 86' lang='lat' dir='ltr'>solutionis</span> <span class='ocrx_word' id='word_1_78' title='bbox 1093 2062 1236 2154; x_wconf 82' lang='lat' dir='ltr'>argenti</span> <span class='ocrx_word' id='word_1_79' title='bbox 1260 2062 1383 2135; x_wconf 89' lang='lat' dir='ltr'>uitrici</span> <span class='ocrx_word' id='word_1_80' title='bbox 1401 2064 1630 2136; x_wconf 88' lang='lat' dir='ltr'>volumetrici</span> 
     </span>
     <span class='ocr_line' id='line_1_13' title="bbox 434 2187 1630 2283; baseline 0.003 -24"><span class='ocrx_word' id='word_1_81' title='bbox 434 2187 580 2276; x_wconf 90' lang='lat' dir='ltr'>additis,</span> <span class='ocrx_word' id='word_1_82' title='bbox 600 2188 784 2281; x_wconf 85' lang='lat' dir='ltr'>liquorem</span> <span class='ocrx_word' id='word_1_83' title='bbox 803 2189 1021 2281; x_wconf 89' lang='lat' dir='ltr'>praebeant,</span> <span class='ocrx_word' id='word_1_84' title='bbox 1048 2189 1112 2281; x_wconf 91' lang='lat' dir='ltr'>qui</span> <span class='ocrx_word' id='word_1_85' title='bbox 1145 2190 1305 2263; x_wconf 87' lang='lat' dir='ltr'>filtratus</span> <span class='ocrx_word' id='word_1_86' title='bbox 1340 2191 1455 2281; x_wconf 86' lang='lat' dir='ltr'>guttis</span> <span class='ocrx_word' id='word_1_87' title='bbox 1489 2191 1630 2283; x_wconf 88' lang='lat' dir='ltr'>aliquot</span> 
     </span>
     <span class='ocr_line' id='line_1_14' title="bbox 382 2315 1414 2409; baseline -0.005 -15"><span class='ocrx_word' id='word_1_88' title='bbox 382 2390 385 2394; x_wconf 75' lang='grc'>,</span> <span class='ocrx_word' id='word_1_89' title='bbox 435 2315 635 2388; x_wconf 90' lang='lat' dir='ltr'>solutionis</span> <span class='ocrx_word' id='word_1_90' title='bbox 655 2316 797 2408; x_wconf 90' lang='lat' dir='ltr'>argenti</span> <span class='ocrx_word' id='word_1_91' title='bbox 817 2316 939 2389; x_wconf 86' lang='lat' dir='ltr'>nitrici</span> <span class='ocrx_word' id='word_1_92' title='bbox 958 2336 1036 2388; x_wconf 92' lang='lat' dir='ltr'>non</span> <span class='ocrx_word' id='word_1_93' title='bbox 1057 2317 1220 2409; x_wconf 88' lang='lat' dir='ltr'>amplius</span> <span class='ocrx_word' id='word_1_94' title='bbox 1234 2319 1414 2392; x_wconf 88' lang='lat' dir='ltr'>turbetm·.</span> 
     </span>
    </p>

    <p class='ocr_par' dir='ltr' id='par_1_7' title="bbox 432 2442 1629 2661">
     <span class='ocr_line' id='line_1_15' title="bbox 540 2442 1629 2537; baseline 0.002 -23"><span class='ocrx_word' id='word_1_95' title='bbox 540 2442 583 2515; x_wconf 90' lang='lat' dir='ltr'>In</span> <span class='ocrx_word' id='word_1_96' title='bbox 602 2447 787 2537; x_wconf 88' lang='lat' dir='ltr'>apparatu</span> <span class='ocrx_word' id='word_1_97' title='bbox 805 2442 962 2515; x_wconf 84' lang='lat' dir='ltr'>Marshii</span> <span class='ocrx_word' id='word_1_98' title='bbox 996 2443 1251 2516; x_wconf 81' lang='lat' dir='ltr'>examinatum</span> <span class='ocrx_word' id='word_1_99' title='bbox 1283 2444 1441 2536; x_wconf 89' lang='lat' dir='ltr'>vestigia</span> <span class='ocrx_word' id='word_1_100' title='bbox 1473 2444 1629 2517; x_wconf 86' lang='lat' dir='ltr'>arsenici</span> 
     </span>
     <span class='ocr_line' id='line_1_16' title="bbox 432 2571 646 2661; baseline 0.019 -21"><span class='ocrx_word' id='word_1_101' title='bbox 432 2589 480 2641; x_wconf 90' lang='lat' dir='ltr'>ne</span> <span class='ocrx_word' id='word_1_102' title='bbox 499 2571 646 2661; x_wconf 88' lang='lat' dir='ltr'>prodat.</span> 
     </span>
    </p>
   </div>
   <div class='ocr_carea' id='block_1_5' title="bbox 768 2855 1291 2965">
    <p class='ocr_par' dir='ltr' id='par_1_8' title="bbox 768 2855 1291 2965">
     <span class='ocr_line' id='line_1_17' title="bbox 768 2855 1291 2965; baseline 0.004 -3"><span class='ocrx_word' id='word_1_103' title='bbox 768 2855 995 2965; x_wconf 74' lang='lat' dir='ltr'>Ferrum</span> <span class='ocrx_word' id='word_1_104' title='bbox 1019 2855 1291 2965; x_wconf 84' lang='lat' dir='ltr'>lactiounr.</span> 
     </span>
    </p>
   </div>
   <div class='ocr_carea' id='block_1_6' title="bbox 422 3079 1631 4828">
    <p class='ocr_par' dir='ltr' id='par_1_9' title="bbox 428 3079 1631 3809">
     <span class='ocr_line' id='line_1_18' title="bbox 541 3079 1629 3174; baseline 0 -21"><span class='ocrx_word' id='word_1_105' title='bbox 541 3079 700 3154; x_wconf 85' lang='lat' dir='ltr'>Crustae</span> <span class='ocrx_word' id='word_1_106' title='bbox 721 3081 959 3172; x_wconf 79' lang='lat' dir='ltr'>crystallinae</span> <span class='ocrx_word' id='word_1_107' title='bbox 981 3102 1001 3154; x_wconf 94' lang='lat' dir='ltr'>e</span> <span class='ocrx_word' id='word_1_108' title='bbox 1022 3081 1130 3154; x_wconf 89' lang='lat' dir='ltr'>viridi</span> <span class='ocrx_word' id='word_1_109' title='bbox 1150 3081 1257 3154; x_wconf 86' lang='lat' dir='ltr'>albae</span> <span class='ocrx_word' id='word_1_110' title='bbox 1268 3082 1326 3154; x_wconf 90' lang='lat' dir='ltr'>vel</span> <span class='ocrx_word' id='word_1_111' title='bbox 1336 3081 1461 3174; x_wconf 88' lang='lat' dir='ltr'>pulvis</span> <span class='ocrx_word' id='word_1_112' title='bbox 1477 3086 1580 3173; x_wconf 87' lang='lat' dir='ltr'>cryst</span> <span class='ocrx_word' id='word_1_113' title='bbox 1603 3082 1629 3153; x_wconf 92' lang='lat' dir='ltr'>l·</span> 
     </span>
     <span class='ocr_line' id='line_1_19' title="bbox 435 3207 1630 3300; baseline 0.001 -22"><span class='ocrx_word' id='word_1_114' title='bbox 435 3207 534 3279; x_wconf 94' lang='lat' dir='ltr'>linus</span> <span class='ocrx_word' id='word_1_115' title='bbox 571 3208 649 3279; x_wconf 84' lang='lat' dir='ltr'>iere</span> <span class='ocrx_word' id='word_1_116' title='bbox 684 3207 802 3296; x_wconf 70' lang='lat' dir='ltr'>albus</span> <span class='ocrx_word' id='word_1_117' title='bbox 836 3207 876 3279; x_wconf 92' lang='lat' dir='ltr'>in</span> <span class='ocrx_word' id='word_1_118' title='bbox 910 3230 1010 3300; x_wconf 89' lang='lat' dir='ltr'>aqua</span> <span class='ocrx_word' id='word_1_119' title='bbox 1042 3209 1184 3281; x_wconf 85' lang='lat' dir='ltr'>fervida</span> <span class='ocrx_word' id='word_1_120' title='bbox 1216 3207 1321 3280; x_wconf 91' lang='lat' dir='ltr'>haud</span> <span class='ocrx_word' id='word_1_121' title='bbox 1354 3208 1562 3295; x_wconf 86' lang='lat' dir='ltr'>difficulter,</span> <span class='ocrx_word' id='word_1_122' title='bbox 1596 3208 1630 3279; x_wconf 93' lang='lat' dir='ltr'>in</span> 
     </span>
     <span class='ocr_line' id='line_1_20' title="bbox 432 3333 1629 3428; baseline 0 -22"><span class='ocrx_word' id='word_1_123' title='bbox 432 3333 566 3425; x_wconf 84' lang='lat' dir='ltr'>frigida</span> <span class='ocrx_word' id='word_1_124' title='bbox 585 3334 711 3406; x_wconf 89' lang='lat' dir='ltr'>minus</span> <span class='ocrx_word' id='word_1_125' title='bbox 730 3334 849 3421; x_wconf 83' lang='lat' dir='ltr'>facile,</span> <span class='ocrx_word' id='word_1_126' title='bbox 884 3333 922 3407; x_wconf 92' lang='lat' dir='ltr'>in</span> <span class='ocrx_word' id='word_1_127' title='bbox 957 3336 1091 3428; x_wconf 87' lang='lat' dir='ltr'>spiritu</span> <span class='ocrx_word' id='word_1_128' title='bbox 1112 3335 1188 3407; x_wconf 87' lang='lat' dir='ltr'>vini</span> <span class='ocrx_word' id='word_1_129' title='bbox 1222 3335 1282 3406; x_wconf 89' lang='lat' dir='ltr'>vix</span> <span class='ocrx_word' id='word_1_130' title='bbox 1316 3334 1498 3424; x_wconf 89' lang='lat' dir='ltr'>solubilis.</span> <span class='ocrx_word' id='word_1_131' title='bbox 1526 3334 1629 3408; x_wconf 88' lang='lat' dir='ltr'>Cale·</span> 
     </span>
     <span class='ocr_line' id='line_1_21' title="bbox 429 3461 1629 3554; baseline 0.001 -21"><span class='ocrx_word' id='word_1_132' title='bbox 429 3463 552 3533; x_wconf 79' lang='lat' dir='ltr'>iactus</span> <span class='ocrx_word' id='word_1_133' title='bbox 572 3483 732 3554; x_wconf 87' lang='lat' dir='ltr'>vapores</span> <span class='ocrx_word' id='word_1_134' title='bbox 753 3462 887 3535; x_wconf 90' lang='lat' dir='ltr'>emittit</span> <span class='ocrx_word' id='word_1_135' title='bbox 920 3462 1069 3551; x_wconf 79' lang='lat' dir='ltr'>densoS,</span> <span class='ocrx_word' id='word_1_136' title='bbox 1105 3462 1231 3535; x_wconf 88' lang='lat' dir='ltr'>odoris</span> <span class='ocrx_word' id='word_1_137' title='bbox 1258 3461 1353 3534; x_wconf 85' lang='lat' dir='ltr'>acidi</span> <span class='ocrx_word' id='word_1_138' title='bbox 1387 3462 1629 3554; x_wconf 84' lang='lat' dir='ltr'>penetrantis,</span> 
     </span>
     <span class='ocr_line' id='line_1_22' title="bbox 429 3588 1631 3683; baseline 0.001 -23"><span class='ocrx_word' id='word_1_139' title='bbox 429 3589 656 3662; x_wconf 86' lang='lat' dir='ltr'>caramelum</span> <span class='ocrx_word' id='word_1_140' title='bbox 669 3595 886 3678; x_wconf 88' lang='lat' dir='ltr'>monentes,</span> <span class='ocrx_word' id='word_1_141' title='bbox 907 3593 986 3661; x_wconf 91' lang='lat' dir='ltr'>tum</span> <span class='ocrx_word' id='word_1_142' title='bbox 1007 3590 1253 3679; x_wconf 87' lang='lat' dir='ltr'>carbonesoit,</span> <span class='ocrx_word' id='word_1_143' title='bbox 1275 3590 1437 3683; x_wconf 92' lang='lat' dir='ltr'>denique</span> <span class='ocrx_word' id='word_1_144' title='bbox 1456 3588 1631 3681; x_wconf 89' lang='lat' dir='ltr'>relinquit</span> 
     </span>
     <span class='ocr_line' id='line_1_23' title="bbox 428 3716 908 3809; baseline 0.002 -22"><span class='ocrx_word' id='word_1_145' title='bbox 428 3716 621 3790; x_wconf 89' lang='lat' dir='ltr'>residuum</span> <span class='ocrx_word' id='word_1_146' title='bbox 640 3717 725 3789; x_wconf 89' lang='lat' dir='ltr'>ferri</span> <span class='ocrx_word' id='word_1_147' title='bbox 746 3717 908 3809; x_wconf 82' lang='lat' dir='ltr'>oxydati.</span> 
     </span>
    </p>

    <p class='ocr_par' dir='ltr' id='par_1_10' title="bbox 427 3843 1630 4190">
     <span class='ocr_line' id='line_1_24' title="bbox 536 3843 1630 3936; baseline -0.003 -19"><span class='ocrx_word' id='word_1_148' title='bbox 536 3844 679 3918; x_wconf 87' lang='lat' dir='ltr'>Solutio</span> <span class='ocrx_word' id='word_1_149' title='bbox 709 3866 866 3936; x_wconf 87' lang='lat' dir='ltr'>aquosa,</span> <span class='ocrx_word' id='word_1_150' title='bbox 897 3843 1095 3916; x_wconf 85' lang='lat' dir='ltr'>reactionis</span> <span class='ocrx_word' id='word_1_151' title='bbox 1126 3844 1266 3931; x_wconf 86' lang='lat' dir='ltr'>acidae,</span> <span class='ocrx_word' id='word_1_152' title='bbox 1295 3843 1430 3934; x_wconf 79' lang='lat' dir='ltr'>frigore</span> <span class='ocrx_word' id='word_1_153' title='bbox 1461 3848 1630 3916; x_wconf 82' lang='lat' dir='ltr'>saturata</span> 
     </span>
     <span class='ocr_line' id='line_1_25' title="bbox 427 3970 1629 4063; baseline 0.002 -22"><span class='ocrx_word' id='word_1_154' title='bbox 427 3971 792 4063; x_wconf 78' lang='lat' dir='ltr'>lelio-ferricyanato</span> <span class='ocrx_word' id='word_1_155' title='bbox 805 3971 951 4062; x_wconf 87' lang='lat' dir='ltr'>adjecto</span> <span class='ocrx_word' id='word_1_156' title='bbox 964 3971 1128 4044; x_wconf 87' lang='lat' dir='ltr'>colorem</span> <span class='ocrx_word' id='word_1_157' title='bbox 1138 3970 1261 4043; x_wconf 89' lang='lat' dir='ltr'>induit</span> <span class='ocrx_word' id='word_1_158' title='bbox 1271 3972 1419 4043; x_wconf 89' lang='lat' dir='ltr'>intense</span> <span class='ocrx_word' id='word_1_159' title='bbox 1436 3992 1629 4063; x_wconf 87' lang='lat' dir='ltr'>cyaneum,</span> 
     </span>
     <span class='ocr_line' id='line_1_26' title="bbox 428 4097 1340 4190; baseline 0.001 -22"><span class='ocrx_word' id='word_1_160' title='bbox 428 4097 802 4190; x_wconf 86' lang='lat' dir='ltr'>kalio-ferrocyanato</span> <span class='ocrx_word' id='word_1_161' title='bbox 824 4097 1021 4172; x_wconf 87' lang='lat' dir='ltr'>dumtaxat</span> <span class='ocrx_word' id='word_1_162' title='bbox 1042 4099 1340 4171; x_wconf 85' lang='lat' dir='ltr'>subcaeruleum.</span> 
     </span>
    </p>

    <p class='ocr_par' dir='ltr' id='par_1_11' title="bbox 426 4225 1629 4445">
     <span class='ocr_line' id='line_1_27' title="bbox 533 4225 1629 4299; baseline 0 -2"><span class='ocrx_word' id='word_1_163' title='bbox 533 4225 660 4297; x_wconf 91' lang='lat' dir='ltr'>Pulvis</span> <span class='ocrx_word' id='word_1_164' title='bbox 675 4225 776 4298; x_wconf 86' lang='lat' dir='ltr'>Ferri</span> <span class='ocrx_word' id='word_1_165' title='bbox 795 4225 917 4297; x_wconf 88' lang='lat' dir='ltr'>lactici</span> <span class='ocrx_word' id='word_1_166' title='bbox 937 4247 1023 4299; x_wconf 88' lang='lat' dir='ltr'>curn</span> <span class='ocrx_word' id='word_1_167' title='bbox 1043 4225 1150 4299; x_wconf 89' lang='lat' dir='ltr'>acido</span> <span class='ocrx_word' id='word_1_168' title='bbox 1165 4225 1342 4297; x_wconf 71' lang='lat' dir='ltr'>sulfurico</span> <span class='ocrx_word' id='word_1_169' title='bbox 1359 4225 1543 4298; x_wconf 88' lang='lat' dir='ltr'>contritus</span> <span class='ocrx_word' id='word_1_170' title='bbox 1563 4247 1629 4298; x_wconf 91' lang='lat' dir='ltr'>nec</span> 
     </span>
     <span class='ocr_line' id='line_1_28' title="bbox 426 4352 1627 4445; baseline 0.002 -22"><span class='ocrx_word' id='word_1_171' title='bbox 426 4373 492 4441; x_wconf 84' lang='lat' dir='ltr'>gas</span> <span class='ocrx_word' id='word_1_172' title='bbox 503 4352 660 4439; x_wconf 87' lang='lat' dir='ltr'>evolvat,</span> <span class='ocrx_word' id='word_1_173' title='bbox 673 4374 754 4441; x_wconf 89' lang='lat' dir='ltr'>neo,</span> <span class='ocrx_word' id='word_1_174' title='bbox 767 4352 909 4425; x_wconf 89' lang='lat' dir='ltr'>diutius</span> <span class='ocrx_word' id='word_1_175' title='bbox 926 4353 1125 4445; x_wconf 86' lang='lat' dir='ltr'>sepositus,</span> <span class='ocrx_word' id='word_1_176' title='bbox 1145 4354 1307 4426; x_wconf 86' lang='lat' dir='ltr'>colorem</span> <span class='ocrx_word' id='word_1_177' title='bbox 1325 4356 1475 4426; x_wconf 85' lang='lat' dir='ltr'>luscum</span> <span class='ocrx_word' id='word_1_178' title='bbox 1493 4354 1627 4426; x_wconf 90' lang='lat' dir='ltr'>trahat</span> 
     </span>
    </p>

    <p class='ocr_par' dir='ltr' id='par_1_12' title="bbox 422 4478 1627 4828">
     <span class='ocr_line' id='line_1_29' title="bbox 535 4478 1627 4572; baseline 0.001 -21"><span class='ocrx_word' id='word_1_179' title='bbox 535 4478 678 4552; x_wconf 88' lang='lat' dir='ltr'>Solutio</span> <span class='ocrx_word' id='word_1_180' title='bbox 690 4502 916 4572; x_wconf 84' lang='lat' dir='ltr'>aquosanec</span> <span class='ocrx_word' id='word_1_181' title='bbox 931 4481 1086 4572; x_wconf 89' lang='lat' dir='ltr'>plumbo</span> <span class='ocrx_word' id='word_1_182' title='bbox 1104 4479 1256 4569; x_wconf 88' lang='lat' dir='ltr'>acetic0,</span> <span class='ocrx_word' id='word_1_183' title='bbox 1272 4502 1353 4568; x_wconf 88' lang='lat' dir='ltr'>nec,</span> <span class='ocrx_word' id='word_1_184' title='bbox 1371 4481 1478 4553; x_wconf 88' lang='lat' dir='ltr'>acido</span> <span class='ocrx_word' id='word_1_185' title='bbox 1492 4481 1627 4571; x_wconf 82' lang='lat' dir='ltr'>hydro·</span> 
     </span>
     <span class='ocr_line' id='line_1_30' title="bbox 424 4607 1626 4699; baseline 0 -20"><span class='ocrx_word' id='word_1_186' title='bbox 424 4607 587 4680; x_wconf 90' lang='lat' dir='ltr'>chlorico</span> <span class='ocrx_word' id='word_1_187' title='bbox 619 4607 815 4696; x_wconf 85' lang='lat' dir='ltr'>acidulata,</span> <span class='ocrx_word' id='word_1_188' title='bbox 837 4628 938 4698; x_wconf 87' lang='lat' dir='ltr'>aqua</span> <span class='ocrx_word' id='word_1_189' title='bbox 955 4607 1259 4699; x_wconf 79' lang='lat' dir='ltr'>hydrosulsurata</span> <span class='ocrx_word' id='word_1_190' title='bbox 1278 4614 1444 4681; x_wconf 89' lang='lat' dir='ltr'>mutetur</span> <span class='ocrx_word' id='word_1_191' title='bbox 1459 4612 1495 4681; x_wconf 88' lang='lat' dir='ltr'>et</span> <span class='ocrx_word' id='word_1_192' title='bbox 1511 4608 1626 4699; x_wconf 70' lang='lat' dir='ltr'>bargo</span> 
     </span>
     <span class='ocr_line' id='line_1_31' title="bbox 422 4733 1308 4828; baseline 0.001 -23"><span class='ocrx_word' id='word_1_193' title='bbox 422 4734 556 4806; x_wconf 85' lang='lat' dir='ltr'>nitrico</span> <span class='ocrx_word' id='word_1_194' title='bbox 576 4756 653 4806; x_wconf 94' lang='lat' dir='ltr'>non</span> <span class='ocrx_word' id='word_1_195' title='bbox 672 4735 758 4828; x_wconf 88' lang='lat' dir='ltr'>plus</span> <span class='ocrx_word' id='word_1_196' title='bbox 780 4756 896 4827; x_wconf 86' lang='lat' dir='ltr'>quam</span> <span class='ocrx_word' id='word_1_197' title='bbox 915 4733 1105 4806; x_wconf 87' lang='lat' dir='ltr'>levissime</span> <span class='ocrx_word' id='word_1_198' title='bbox 1125 4734 1308 4807; x_wconf 88' lang='lat' dir='ltr'>turbetur.</span> 
     </span>
    </p>
   </div>
   <div class='ocr_carea' id='block_1_7' title="bbox 0 0 1754 5450">
    <p class='ocr_par' dir='ltr' id='par_1_13' title="bbox 0 0 1754 5450">
     <span class='ocr_line' id='line_1_32' title="bbox 0 0 1754 5450; baseline 0 4"><span class='ocrx_word' id='word_1_199' title='bbox 0 0 1754 5450; x_wconf 95' lang='lat' dir='ltr'> </span> 
     </span>
    </p>
   </div>
  </div>
 </body>
</html>
