3500 5450
664 532 819 608 -b31
861 574 908 591 -

472 745 649 855 Radix
676 746 1092 892 Sarsaparillae.

473 996 738 1098 Sarsaparilla
771 997 822 1075 de
856 996 1092 1074 Honduras.

292 1190 458 1265 Smilacis
479 1193 624 1285 species
648 1191 838 1264 nonsatis
868 1198 958 1263 nota
976 1189 1171 1262 Americae
1193 1188 1380 1261 centralis.

184 1315 371 1392 Liliuceae.
394 1317 593 1392 Smilaceoe.

291 1447 451 1520 Radices
485 1448 729 1521 secundariae
763 1447 997 1539 praelongae,
1032 1444 1166 1517 calami
1200 1443 1383 1535 scriptorii

184 1579 225 1646 ut
243 1574 445 1665 plurimum
455 1575 634 1662 crassitie,
654 1579 799 1665 teretes
820 1574 970 1664 llexileS,
992 1578 1202 1645 extrorsum
1221 1570 1381 1661 longitu-

185 1700 354 1775 diualiter
373 1702 700 1793 striato-sulcatae,
722 1702 857 1775 coloris
879 1701 1039 1774 obscure
1060 1698 1155 1772 lusci
1173 1703 1239 1770 aut
1257 1697 1381 1770 lusco-

183 1830 303 1922 grisei,
324 1832 469 1923 saporis
489 1832 602 1924 paulo
622 1831 888 1922 mucilaginosi,
910 1830 1043 1902 deinde
1063 1829 1172 1902 acrIs.

291 1956 334 2030 Iu
355 1960 520 2032 sectione
531 1960 921 2033 transversaannulus
931 1958 1193 2031 fasciculorum
1204 1974 1384 2029 vasorum

185 2084 345 2176 clausus,
370 2086 485 2159 radiis
505 2088 773 2160 medullaribus
792 2108 869 2159 non
890 2087 1105 2177 instructus,
1124 2104 1297 2178 porosus
1319 2083 1382 2153 lla-

185 2234 342 2285 vesceus
357 2219 423 2286 aut
438 2214 600 2304 citrinos
613 2213 809 2286 includens
830 2213 1034 2286 medullam
1054 2213 1228 2306 amplam,
1249 2210 1384 2294 albam,

186 2339 436 2413 circumdatus
467 2346 525 2413 est
555 2345 672 2413 strato
703 2339 866 2412 corticali
893 2341 1069 2429 larinoso,
1098 2340 1185 2412 albo
1210 2338 1269 2410 vel
1295 2337 1382 2410 sub·

185 2467 343 2557 rubello,
374 2468 515 2541 circiter
544 2468 658 2560 duplo
686 2467 828 2540 latiore.
867 2467 946 2540 Sub
975 2465 1224 2558 microscopio
1255 2465 1382 2537 obser·

185 2594 331 2667 vareris
353 2594 507 2668 cellulas
528 2595 806 2668 endodermidis
827 2594 1007 2687 simplicis
1036 2596 1075 2666 in
1094 2593 1239 2666 ambitu
1258 2591 1386 2664 annuli

186 2721 276 2814 ligni
295 2722 334 2795 in
353 2722 518 2797 sectione
548 2730 760 2796 transversa
787 2722 908 2796 forma
930 2722 1006 2797 fere
1035 2721 1223 2816 quadrati,
1252 2741 1386 2813 parum

187 2850 318 2923 elfere
338 2852 581 2944 aequabiliter
598 2851 833 2940 incrassatas
854 2858 892 2923 et
910 2851 1164 2943 parenchyma
1183 2846 1290 2922 strati
1310 2868 1388 2919 cor·

186 2977 303 3051 ticalis
323 2979 584 3071 medullaeque
604 2985 754 3051 scatens
775 2978 901 3070 amylo
921 2979 1139 3072 composito.

296 3106 482 3178 Decoctum
502 3105 764 3201 Sursopariltua
788 3105 1012 3200 compositum
1030 3105 1173 3199 fortius
1196 3107 1228 3173 et
1255 3101 1388 3173 mitius.

189 3229 322 3326 Species
340 3231 549 3330 Lignorum.

544 3554 717 3664 Radix
741 3553 1036 3664 Sassalras.

575 3764 748 3869 Lignum
781 3764 1002 3843 Sassafras

299 3939 486 4026 Sassofras
505 3941 693 4038 officinalis
711 3942 743 4015 N
752 3964 837 4033 ees
872 3943 983 4015 arbor
1003 3943 1195 4015 amerinae
1214 3939 1387 4014 borealis.

188 4066 400 4140 Lauramoe.

298 4195 420 4268 Radix
452 4197 585 4284 valida,
619 4218 780 4285 ramosa,
813 4196 973 4287 lignosa,
1003 4195 1150 4284 siccata,
1184 4194 1220 4266 in
1260 4192 1389 4265 frustis

192 4322 313 4395 variae
328 4323 593 4415 magnitudinis
609 4323 828 4416 cylindricis,
843 4324 1030 4397 interdum
1044 4321 1232 4410 flexuosis
1253 4320 1388 4393 cortice

190 4448 453 4540 crassiusculo,
478 4450 593 4540 molli,
613 4452 805 4540 suberoso,
824 4450 970 4541 friabili,
991 4456 1099 4523 extus
1118 4449 1272 4538 rimoso,
1293 4448 1389 4520 ciue-

190 4598 265 4661 reo‚
285 4576 387 4651 intus
408 4601 427 4651 e
452 4579 566 4651 mbro
581 4579 698 4670 fusco,
718 4578 819 4671 liguo
840 4579 925 4668 levi,
954 4578 1067 4667 molli,
1100 4576 1390 4669 subspougioso,

190 4704 325 4798 lidcpal
346 4707 524 4780 subfusco
545 4712 607 4779 aut
628 4706 765 4798 pallide
793 4706 966 4796 rubente,
991 4706 1029 4778 in
1054 4710 1250 4796 segmento
1270 4709 1389 4776 trans-
