3500 5450
617 560 835 634 ,67-

127 775 319 868 agitando,
338 780 420 849 tum
439 776 676 867 refrigeretur
696 780 733 849 et
751 775 903 869 pondus
923 773 1006 866 ejus
1032 773 1167 847 iterum
1193 773 1332 845 trutina

122 901 372 976 examinetur.
408 901 565 976 Pondus
605 902 707 995 quod
745 901 852 975 deest
888 900 1122 989 restituatur,
1158 899 1331 973 addendo

124 1028 298 1122 spiritum
344 1029 422 1103 vini
470 1033 754 1103 concentratum
790 1028 829 1103 in
867 1028 1065 1103 sufficienti
1108 1027 1330 1119 quantitate.

125 1157 268 1250 Liquor
293 1157 546 1232 asedimento
573 1157 730 1231 delusus
754 1157 925 1230 filtretur.
952 1155 1093 1228 Filtrati
1122 1160 1332 1247 grammata

125 1286 297 1373 ducenta,
337 1305 435 1377 quae
483 1285 660 1358 solubilia
706 1290 958 1376 grammatum
1006 1283 1137 1356 decem
1183 1281 1332 1355 corticis

125 1411 283 1485 adhibiti
313 1411 519 1501 continent,
557 1412 790 1485 misceantur
823 1432 910 1484 cum
939 1411 1187 1503 quadraginta
1220 1411 1331 1482 centi-

122 1538 254 1613 metris
284 1539 423 1612 cubicis
453 1559 575 1632 aquae
605 1539 814 1613 destillatae
840 1544 878 1612 et
903 1543 1109 1630 grammate
1137 1558 1215 1610 uno
1235 1522 1331 1610 acidi

123 1666 289 1742 tartarici
318 1672 355 1740 et
378 1668 418 1740 in
442 1667 580 1741 balneo
611 1689 733 1760 aquae
768 1667 943 1741 calefiant
979 1667 1027 1738 ad
1062 1665 1217 1759 spiritus
1254 1664 1332 1737 vini

124 1795 330 1888 perfectam
364 1795 682 1887 evaporationem.
714 1793 883 1869 Residuo
916 1793 1133 1884 refrigerato
1166 1792 1332 1866 admisce

128 1922 347 1997 centimetra
374 1922 506 1995 cubica
534 1923 666 2015 viginti
697 1943 817 2015 aquae
848 1921 1070 1995 destillatae.
1101 1920 1333 1994 Solutionem

122 2049 222 2122 filtra
241 2049 464 2143 inlagenam
474 2051 570 2126 bene
580 2050 880 2125 claudendamet
890 2051 988 2123 liltro
997 2071 1115 2143 parva
1125 2046 1332 2142 quantitate

131 2196 254 2268 aquae
274 2177 386 2269 plane
407 2176 517 2266 eloto,
545 2176 681 2270 liquori
706 2177 859 2249 obtento
880 2175 976 2250 adde
1004 2175 1167 2248 natrium
1194 2175 1331 2268 hydro·

128 2302 337 2395 oxydatum
352 2303 530 2391 solutum,
547 2303 667 2377 donec
686 2303 825 2376 reactio
846 2303 970 2376 evadit
990 2303 1151 2375 alcalina
1170 2307 1205 2375 et
1224 2321 1330 2395 prae·

128 2429 324 2522 cipitatum
342 2451 420 2502 non
441 2430 604 2522 amplius
633 2429 761 2518 oritur,
790 2430 943 2503 demum
963 2430 1183 2503 centimetra
1202 2427 1334 2502 cubica

127 2556 397 2649 quinquagena
423 2557 595 2630 aetheris.
629 2556 781 2649 Lagona
818 2558 914 2630 bene
953 2557 1137 2646 obturata,
1165 2556 1331 2649 liquores

125 2683 421 2777 conquassando
450 2683 689 2773 misceantur,
726 2689 768 2758 ut
796 2683 1084 2778 praecipitatum
1112 2684 1151 2757 in
1181 2684 1331 2758 aethere

128 2814 308 2886 solvatur.
349 2812 582 2886 Solutionem
611 2812 826 2886 aetheream
854 2813 1062 2886 alcaloidea
1082 2813 1225 2886 Chinae
1246 2832 1331 2884 con-

123 2940 308 3013 tinentem
337 2940 385 3013 ab
415 2961 560 3032 aquosa
589 2961 734 3034 separa,
769 2940 868 3013 hanc
897 2940 997 3013 binis
1025 2941 1170 3014 vicibus
1199 2938 1333 3013 eadem

126 3067 290 3142 aetheris
306 3067 515 3160 quantitate
530 3067 694 3154 extrahe,
713 3068 879 3160 liquores
894 3068 1092 3141 aethereos
1108 3068 1331 3140 commixtos

126 3196 163 3267 in
183 3194 313 3288 patina
331 3192 411 3266 noti
430 3193 608 3287 ponderis
625 3194 767 3286 collige.
788 3193 948 3266 Aethere
969 3199 1173 3287 evaporato
1192 3194 1332 3267 residui

127 3322 200 3396 sub
220 3324 474 3413 temperatura
497 3321 596 3393 100⁰
620 3321 747 3393 siccati
766 3320 919 3413 pondus
939 3320 1078 3393 trutina
1100 3321 1333 3413 exploratum

130 3448 254 3523 decies
270 3454 424 3522 auctum
442 3447 593 3538 indicat,
610 3453 703 3541 quot
715 3452 843 3541 partes
866 3448 1091 3522 centesimae
1111 3448 1332 3522 alcaloidea·

126 3598 213 3649 rum
232 3576 272 3648 in
292 3574 429 3648 cortice
448 3574 590 3648 Chinae
610 3575 745 3649 adsint.

236 3701 457 3776 Extractum.
483 3701 652 3774 Tinctura
677 3701 809 3775 Chinae
827 3704 1027 3799 composito.
1054 3703 1193 3776 Vinum.
1210 3703 1334 3775 Puluis

128 3829 358 3923 dentifricius
376 3829 484 3927 πίθον.

448 4113 645 4224 uertex
671 4115 1021 4233 Cinnamomi.

244 4337 510 4412 Cinncmomum
531 4337 656 4413 Cassio
676 4341 849 4431 Blume,
871 4340 984 4414 arbor
1002 4341 1177 4432 speciosa
1192 4339 1334 4413 Chinae

129 4464 399 4538 meridionalis.
422 4465 633 4540 Louraceae.
981 4481 983 4485 ‘

240 4592 376 4666 Cortex
390 4614 582 4666 ramorum
592 4593 760 4666 maxima
771 4616 815 4666 ex
825 4599 932 4685 parte
947 4594 1195 4685 peridermate
1206 4593 1335 4665 libera·

132 4727 190 4793 tus
202 4724 239 4792 et
255 4718 430 4792 siccatus.
444 4721 540 4792 Tubi
551 4723 606 4794 vel
620 4720 796 4795 semitubi
813 4720 860 4793 ad
876 4720 948 4793 tria
963 4721 1179 4794 centimetra
1190 4726 1227 4792 et
1237 4720 1336 4792 ultra
1382 4761 1385 4768 ,

1117 4860 1150 4912 5*
