3500 5450
889 528 1128 601 —140-

512 746 652 835 Herba,
692 747 890 839 incipiente
928 749 1162 822 florescentia
1199 748 1424 841 colligenda,
1463 748 1599 842 ubique

405 877 544 968 glabra,
579 878 676 950 foliis
706 877 843 969 pluries
879 877 1166 969 pinnati-sectis
1204 878 1288 951 basi
1325 877 1599 970 vaginantibus‚

404 1005 638 1080 inferioribus
676 1007 1068 1100 fistuloso-petiolum,
1084 1007 1357 1101 ,superioribus
1391 1007 1597 1097 sessilibus,

404 1135 672 1228 suboppositis
692 1134 834 1207 laciniis
849 1135 989 1208 ultimis
1006 1135 1178 1226 oblongis
1198 1139 1263 1207 aut
1282 1134 1597 1226 ovato-oblongis,

403 1262 700 1351 inciso-serratis
716 1263 887 1335 lacinulis
903 1263 1121 1335 lanceolatis
1136 1262 1425 1351 mucronulatis;
1445 1262 1597 1335 floribus

402 1390 538 1481 parvis,
569 1388 663 1461 albis
693 1389 915 1478 umbellatis,
936 1389 1109 1461 umbellis
1143 1389 1354 1461 duodecim·
1383 1390 1429 1461 ad
1456 1389 1596 1480 viginti·

403 1517 569 1600 radiatis,
585 1517 777 1589 involucro
793 1517 1021 1609 polypbyllo‚
1037 1517 1171 1589 foliolis
1186 1516 1414 1604 lanceolatiS,
1425 1517 1599 1609 inaequa-

406 1645 514 1732 libus
535 1645 692 1733 reflexis
713 1644 946 1718 involucellis
964 1644 1027 1716 tri·
1049 1644 1110 1716 vel
1130 1645 1364 1738 tetrapbyllis
1386 1644 1598 1733 dimidiatis

403 1771 538 1844 foliolis
574 1773 706 1862 oratis
741 1771 869 1861 acutis,
905 1771 1073 1863 margine
1112 1772 1421 1861 membranaceis
1458 1772 1598 1860 albidis,

401 1899 485 1971 basi
505 1899 688 1986 connatis
708 1899 942 1972 brevioribus
963 1899 1174 1971 umbellnla.

509 2028 636 2100 Herba
645 2049 883 2102 marcescens
897 2031 955 2099 est
969 2027 1096 2100 odoris
1112 2025 1311 2119 peculiaris
1327 2027 1515 2115 nauseosi
1531 2028 1601 2099 sic·

402 2160 487 2228 cata
498 2155 559 2227 vix
575 2156 704 2246 odora,
721 2156 864 2248 liquore
873 2154 960 2228 kalii
970 2154 1245 2246 hydrooxydati
1256 2154 1483 2249 humectata,
1495 2154 1600 2227 illum

401 2285 555 2357 odorem
566 2285 791 2377 peculiarem
802 2288 1009 2378 recuperat.
1027 2283 1223 2356 Caeterum
1239 2304 1262 2354 a
1276 2282 1381 2355 caule
1396 2283 1518 2354 lusco·
1535 2289 1601 2354 aut

399 2412 721 2485 rubro-maculato
742 2412 935 2506 ramisque
954 2415 1198 2488 validioribus
1226 2414 1384 2486 liberata
1404 2418 1441 2486 et
1459 2412 1600 2485 siccata

401 2539 438 2611 in
459 2561 550 2612 vase
571 2541 667 2613 bene
687 2541 817 2614 clauso
838 2547 945 2615 caute
966 2564 1033 2616 nec
1053 2544 1150 2616 ultra
1171 2564 1314 2615 annum
1333 2540 1530 2614 servanda.

509 2667 540 2740 N
544 2690 563 2740 e
580 2669 788 2742 confundas
805 2692 892 2744 cum
907 2670 987 2743 aliis
1003 2669 1242 2744 umbelliferis
1258 2673 1300 2743 ut
1318 2667 1497 2762 imprimis
1512 2689 1598 2741 cum

405 2795 650 2891 Cboempbytto
671 2796 805 2868 buldoso
825 2798 1004 2889 (Lindi,
1032 2798 1137 2871 caule
1157 2797 1298 2870 inferne
1317 2798 1427 2883 hirto,
1455 2796 1599 2869 laciniis

400 2923 573 2996 loliorum
599 2922 837 3015 superiorum
862 2925 1156 3018 subcapillaceis,
1184 2924 1378 2996 involucro
1407 2924 1510 2997 nullo
1537 2930 1601 2997 aut

400 3050 655 3144 monophyllo‚
681 3051 945 3146 schizocarpiis
975 3054 1224 3127 anicularibus
1254 3059 1290 3127 et
1310 3074 1395 3126 cum
1414 3052 1598 3125 Autlrisco

399 3178 547 3250 utrobi
572 3178 778 3269 (Hoffm.)‚
799 3181 903 3254 caule
924 3182 1067 3254 inferne
1087 3181 1243 3267 hirsuto
1268 3181 1364 3253 foliis
1388 3182 1521 3255 subtus
1551 3182 1597 3254 ad

400 3326 538 3378 nervos
566 3305 650 3398 pilis
680 3307 814 3381 albidis
846 3309 1053 3402 adspersis,
1089 3308 1282 3381 involucro
1311 3308 1423 3396 nullo,
1458 3310 1597 3382 involu-

401 3433 504 3505 cellis
520 3432 757 3525 polypbyllis‚
778 3435 880 3508 haud
902 3436 1113 3525 dimidiatis
1130 3435 1397 3528 schizocarpiis
1414 3436 1595 3527 oblongis

400 3561 517 3633 acutis
538 3561 816 3652 dignoscendis.

510 3685 727 3759 Extinctum.
751 3686 1005 3783 Eutptasbum.

684 3976 895 4103 ¹llcrba
924 3974 1278 4119 daloopsidis

514 4179 1267 4276 Galeopsisorbi·odaiccoLamarck,planta
1277 4204 1402 4255 annua
1414 4182 1592 4274 indigena

397 4308 434 4379 in
455 4308 554 4399 agris
576 4311 748 4402 arvisque
769 4311 942 4384 arenosis
965 4288 1184 4383 Germaniae
1204 4313 1349 4385 mediae
1369 4317 1406 4384 et
1426 4311 1589 4385 occiden-

397 4436 483 4508 talis
504 4436 680 4528 vulgaris.
703 4435 886 4509 Lodiotoe.

507 4563 633 4636 Herba
668 4565 801 4638 florida
833 4566 989 4653 siccata,
1022 4566 1176 4639 concisa
1207 4567 1278 4639 sub
1305 4567 1458 4640 nomine
1478 4563 1590 4642 ibono

397 4687 755 4768 blankenheimcnsis
795 4693 851 4765 vel
888 4687 1025 4769 llcrbao
1063 4691 1297 4769 biobcriano
1338 4700 1438 4783 nota,
1488 4696 1588 4768 caule

1312 4808 1328 4857 ι
