3500 5450
921 557 1132 628 -ὃὸ-

427 772 583 844 extracti
597 771 722 845 tenuis
734 772 1016 846 consistentiam
1031 772 1257 867 inspissetur
1265 779 1301 848 et
1310 772 1447 866 liquori
1462 774 1618 867 primum

427 899 578 973 defluxo
599 900 861 973 admisceatur.

536 1026 827 1120 Spissitudinem
842 1029 943 1120 quod
959 1029 1090 1101 attinet
1101 1034 1362 1117 extracturum,
1375 1035 1537 1120 quatuor
1546 1051 1619 1121 gra·

427 1155 498 1228 dus
520 1155 814 1247 distinguuntur.
840 1155 1016 1229 Extracta
1035 1161 1162 1229 suntz‘

534 1278 648 1359 fluida
666 1282 745 1356 sive
765 1281 906 1375 liquida
933 1313 980 1347 =
1006 1283 1193 1358 densitate
1214 1284 1399 1357 tincturae
1419 1282 1620 1376 spissioris,

535 1408 660 1487 tenuia
683 1440 729 1473 =
752 1410 937 1485 densitate
957 1413 1080 1485 mellis
1101 1410 1286 1499 recentis;
1306 1410 1539 1503 mellagines,

536 1537 653 1638 spisse
678 1568 725 1600 =
749 1558 846 1629 quae
865 1538 1082 1631 refrigerata
1101 1540 1242 1613 effundi
1260 1541 1463 1631 nequeunt,

536 1664 633 1744 sicce
656 1695 704 1729 =
726 1665 764 1738 in
783 1666 976 1758 pulverem
994 1667 1208 1760 redigenda.

535 1793 594 1866 Ad
615 1793 760 1867 siccum
778 1792 998 1886 rediguntur
1017 1800 1194 1886 extracta,
1216 1796 1249 1868 si
1265 1795 1322 1868 ad
1342 1792 1622 1867 consistentiam

429 1922 644 2015 spissorum
673 1925 885 2013 evaporata,
923 1942 1037 2014 super
1063 1922 1211 2014 patinas
1243 1922 1500 2014 porcellaneas
1525 1921 1623 1994 tenui

428 2054 546 2123 strato
567 2069 746 2142 expansa,
766 2048 806 2120 in
823 2049 935 2120 furno
956 2047 1154 2122 siccatorio
1168 2053 1441 2142 temperaturae
1457 2049 1533 2122 400
1552 2068 1622 2122 non

429 2176 622 2250 excedenti
643 2180 893 2269 exponuntur.

538 2304 715 2376 Extracta
733 2303 787 2377 sic
807 2304 907 2378 dicta
925 2303 1161 2378 narcotica
1181 2301 1327 2375 suntin
1346 2323 1482 2393 genere
1502 2303 1625 2396 spissa

431 2431 631 2506 servanda.
666 2430 716 2505 Ut
747 2453 836 2505 vero
862 2436 1035 2525 prompte
1059 2431 1098 2503 in
1122 2432 1243 2503 forma
1270 2431 1435 2523 pulveris
1465 2431 1626 2524 expediri

433 2564 583 2652 queant,
610 2580 739 2632 eorum
758 2579 846 2652 pars
872 2581 958 2649 una,
990 2580 1076 2632 cum
1096 2559 1242 2652 aequali
1267 2558 1433 2651 pondere
1453 2558 1626 2632 Sacchari

430 2687 555 2761 Lectis
566 2686 747 2781 pulverali
765 2686 891 2760 intime
907 2687 1034 2777 mixta,
1054 2687 1128 2760 leni
1142 2687 1265 2761 calore
1285 2687 1457 2761 siccetur.
1475 2686 1625 2761 Pondus

430 2815 680 2889 exsiccatione
714 2814 947 2906 deperditum
980 2814 1106 2888 addito
1142 2814 1331 2889 Saccharo
1358 2815 1485 2890 Lactis
1527 2815 1625 2888 resti·

428 2947 566 3016 luatur.

538 3068 732 3161 Ejusmodi
748 3069 901 3143 extracti
916 3070 1104 3163 quantitas
1119 3069 1235 3162 duplo
1247 3068 1370 3161 major
1380 3070 1624 3163 dispensetur,

430 3218 546 3291 quam
575 3217 673 3291 quae
702 3219 725 3270 a
753 3197 899 3271 medico
927 3198 1048 3271 forma
1074 3196 1228 3270 extracti
1257 3196 1370 3291 spissi
1398 3197 1626 3290 praescripta

433 3324 553 3398 fuerit.

539 3452 715 3526 Extracta
733 3453 809 3526 sint
826 3453 954 3526 odoris
975 3457 1013 3526 et
1030 3453 1178 3546 saporis
1198 3451 1396 3544 peculiaris
1413 3452 1625 3527 medicami-

430 3601 534 3668 num,
572 3601 592 3652 e
632 3580 769 3673 quibus
799 3585 990 3674 parantur,
1038 3600 1281 3672 empyreuma
1327 3600 1374 3653 ne
1420 3579 1626 3667 redoleant

428 3706 588 3780 metallis
607 3707 789 3800 imprimis
811 3729 927 3801 cupro
947 3729 995 3781 ne
1015 3708 1092 3780 sint
1110 3707 1315 3799 inquinata.

536 3834 731 3908 Mucedine
752 3840 929 3927 corrupta
946 3835 1173 3927 rejiciantur.

538 3961 740 4036 Serventur
758 3963 797 4035 in
816 3963 917 4035 vasis
937 3962 1033 4036 bene
1053 3961 1173 4054 tectis,
1192 3963 1275 4036 loco
1295 3962 1427 4055 frigido
1446 3963 1558 4037 sicco.

434 4382 936 4492 medactum
945 4378 1269 4492 Acontea!
1284 4376 1627 4493 rudecto.

429 4604 531 4695 Rpe:
566 4599 709 4679 lladlcls
729 4600 868 4678 looniti
892 4600 1103 4700 pulveratae

973 4735 1174 4823 praeoptato
1194 4728 1380 4825 quinpenta
1551 4730 1628 4801 500
