3500 5450
649 576 696 587 -..
731 535 859 608 79..
928 503 930 507 ’

264 752 393 841 Massa
432 751 557 824 adhue
596 751 715 824 calida
754 771 869 843 supra
902 750 1016 823 telam
1043 749 1196 822 linteam
1225 752 1352 820 exten·

156 881 277 954 datur.

265 1007 319 1081 Sit
336 1005 444 1079 valde
464 1005 689 1080 adhaerens.

264 1186 507 1285 Eretplustrum
528 1185 768 1284 Hydrurgyri.

373 1729 740 1873 Emplastrum
760 1729 1134 1874 Anglieauum.

155 2026 258 2118 Rpe:
297 2022 540 2126 lehtyuuollae
561 2024 724 2102 ninii·
744 2024 910 2102 unusne

591 2160 789 2252 grammata
808 2161 943 2226 centum

155 2281 258 2354 solve
278 2282 317 2354 in

292 2425 413 2527 ique
433 2423 641 2503 destinatae
661 2423 805 2527 ualidae

588 2560 821 2652 grummulum
840 2553 975 2627 duobus
993 2552 1164 2644 millibus
1252 2553 1357 2625 0000

159 2683 255 2756 adde

295 2804 450 2911 Spiritus
470 2808 547 2887 vlit
568 2810 793 2888 “tenuitati

594 2948 792 3038 grammata
811 2947 943 3013 centium
1284 2939 1358 3011 100

294 3082 411 3160 uuus
433 3082 601 3182 deputati

592 3219 791 3308 grammata
810 3212 918 3285 decem
1311 3212 1359 3283 10

160 3345 196 3411 et
216 3339 298 3411 cola
316 3361 384 3432 peu·
402 3339 569 3413 linteum.

269 3484 502 3558 Solutionem
522 3484 597 3558 leni
618 3486 743 3559 calore
762 3486 1013 3579 liquefactam,
1034 3485 1194 3580 penicilli
1221 3507 1292 3577 ope
1322 3485 1360 3556 in

160 3613 276 3685 telam
313 3612 579 3703 bombycinam
616 3613 829 3705 levigatam,
868 3614 1087 3686 centimetra
1124 3613 1360 3705 septuaginta

160 3742 324 3834 quinque
354 3741 505 3832 longam
534 3746 571 3813 et
609 3742 825 3814 cenumena
862 3741 1057 3832 sexaginta
1079 3740 1234 3832 largam,
1262 3739 1359 3812 bene

160 3889 368 3961 expansam
387 3866 530 3940 sensim
546 3873 583 3941 et
597 3867 841 3960 aequabiliter
859 3867 1029 3956 iudueaS,
1048 3872 1135 3960 post
1154 3867 1360 3960 quamlibet

160 3995 414 4068 inductionem
434 3996 678 4088 expectanda,
708 3995 829 4068 donee
846 3996 924 4069 tela
941 3995 1091 4089 penitus
1118 3995 1219 4068 sicea
1237 3995 1357 4068 fuerit.

268 4141 382 4213 Telae
403 4140 621 4232 superficies
642 4139 817 4233 opposita
835 4139 1011 4214 illiniatur
1030 4141 1193 4214 mixtura
1212 4161 1257 4212 ex

296 4283 488 4362 litatum
507 4282 665 4361 Bouzeis
678 4283 848 4381 partibus
867 4291 1032 4381 quatuor,

296 4431 451 4510 llalsunl
472 4431 664 4510 Perusini
678 4442 784 4529 purte
802 4452 886 4506 unu.

268 4580 361 4653 Tela
380 4581 476 4653 bene
500 4581 640 4653 siccata
666 4580 703 4652 in
722 4581 843 4653 frusta
862 4586 1041 4654 seecetur.
1076 4580 1253 4674 Rigidum
1274 4602 1359 4653 esse

161 4712 307 4800 oportet
325 4714 362 4782 et
381 4708 633 4782 madefactum
653 4709 729 4781 cuti
746 4708 846 4780 bene
863 4708 1079 4780 adhaereat.
