3500 5450
868 557 1107 632 -166—

493 774 636 848 Solutio
648 777 817 849 Lanolini
829 799 900 870 ope
912 777 1164 850 chlorofornrii
1178 778 1321 869 effecta,
1342 779 1380 853 in
1394 779 1485 853 tubo
1496 802 1578 873 pro·

384 903 530 976 baterio
570 903 676 976 acido
711 904 890 977 sulfurico
929 910 1171 979 concentrato
1206 907 1421 999 superfusa,
1448 928 1579 981 zonarn

385 1031 646 1104 intermediam
661 1033 758 1105 laete
778 1032 1055 1106 lusco-rubram
1069 1033 1236 1126 praebet,
1258 1039 1418 1108 stratum
1433 1035 1577 1108 acidum

386 1159 538 1232 inferius
560 1158 682 1232 colore
702 1159 809 1232 viridi
828 1160 1028 1234 fluorescit.

492 1304 715 1378 Lanelinum
743 1326 829 1378 curn
862 1306 985 1379 natrio
1012 1305 1301 1398 hydrooxydalo
1331 1306 1455 1380 soluto
1485 1308 1577 1382 cale·

385 1431 523 1505 factum
542 1453 589 1505 ne
610 1434 697 1505 edat
715 1454 878 1527 vapores
897 1433 1096 1506 reactionis
1118 1433 1311 1507 alcalinae.

495 1578 714 1652 Grammata
734 1580 863 1652 decern
882 1579 1064 1669 Lanolini‚
1097 1580 1234 1653 balneo
1269 1601 1389 1672 aquae
1422 1582 1581 1674 perfecte

388 1706 539 1797 siccata,
559 1728 607 1779 ne
626 1706 712 1799 plus
739 1728 854 1798 quarn
873 1713 1082 1798 grammata
1111 1707 1183 1779 tria
1211 1707 1389 1800 ponderis
1413 1709 1581 1800 perdant.

496 1852 714 1926 Grammata
751 1854 826 1925 duo
864 1851 1036 1925 Lanolini
1065 1853 1103 1924 in
1140 1853 1300 1927 benzolo
1323 1876 1418 1946 puro
1449 1855 1581 1942 soluta,

387 1980 524 2053 additis
539 1981 655 2073 guttis
672 1982 838 2074 quinque
855 1980 1053 2053 solutionis
1068 1980 1428 2074 pheuolphthale'ini,
1442 1983 1582 2075 neptus

386 2130 500 2203 quarn
539 2109 603 2180 Ol
644 2109 860 2182 centimetra
902 2108 1032 2181 cubica
1069 2108 1266 2181 solutionis
1313 2109 1581 2182 acidinretricae

386 2240 602 2330 exposcant,
621 2241 664 2309 ut
682 2236 807 2329 liquor
825 2240 1039 2308 constanter
1057 2236 1276 2309 rubricetur.

495 2380 667 2454 Lanolini
686 2387 895 2475 grammata
924 2382 1053 2454 decem
1083 2403 1169 2454 cum
1199 2380 1379 2474 grammis
1401 2381 1581 2474 quinqua·

312 2533 315 2544 ·
387 2508 490 2600 ginta
509 2530 632 2603 aquae
653 2509 860 2583 destillatae
875 2509 915 2581 in
929 2509 1064 2581 balneo
1085 2531 1205 2602 aquae
1221 2510 1408 2599 calefacta,
1427 2514 1583 2582 stratum

387 2636 557 2710 oleosum
571 2637 768 2730 limpidum
782 2636 955 2708 Lanolini
971 2658 1071 2730 aqua
1084 2636 1179 2730 privi
1196 2636 1407 2730 sejungunt,
1427 2642 1580 2709 stratum

387 2787 576 2859 aquosum
591 2765 790 2838 filtratione
805 2769 1022 2857 separatum
1037 2771 1073 2837 et
1087 2771 1167 2838 turn
1183 2768 1428 2859 evaporatum
1443 2786 1490 2837 ne
1501 2764 1583 2857 plus

387 2914 502 2986 quarn
523 2893 794 2985 centigramrna
811 2914 931 2964 unurn
950 2891 1090 2963 residui
1110 2892 1297 2984 praebeat.

495 3020 719 3093 Lanolinum
738 3020 897 3110 ignitum
924 3041 971 3092 ne
999 3019 1084 3111 plus
1109 3041 1224 3112 quarn
1242 3024 1388 3111 partem
1417 3020 1476 3091 0·1
1509 3041 1583 3111 pro,

387 3171 537 3239 centum
556 3165 696 3238 residui
716 3165 914 3257 relinquat.

503 3307 720 3407 Uupuentum
744 3308 981 3406 Hydrurpyri.

718 3848 921 3959 [richen
945 3848 1261 3959 islandicus.

503 4073 663 4147 Cetrorio
691 4073 875 4147 islandica
904 4075 967 4148 Ac
985 4075 1175 4167 harius,
1205 4074 1244 4147 in
1273 4073 1425 4166 Europa
1452 4072 1589 4146 boreali

387 4204 427 4276 in
450 4203 641 4276 montibus
663 4202 882 4275 celsioribus
902 4203 1075 4296 Europae
1097 4201 1244 4275 mediae
1267 4206 1304 4274 et
1319 4200 1497 4274 australis
1512 4219 1586 4291 gre-

387 4331 503 4423 gatim
523 4331 571 4403 ad
590 4335 730 4403 terram
749 4350 924 4402 nascens.
946 4328 1121 4402 Lictenes.
1146 4328 1384 4400 Itoazotineae.

496 4476 653 4549 Thallus
664 4480 810 4549 erectus
821 4475 1081 4568 subfoliaceus,
1097 4474 1351 4566 irregulariter
1362 4474 1587 4547 dichotome-

386 4626 568 4695 ramosus,
588 4603 734 4675 laciniis
753 4623 854 4675 nunc
873 4602 1077 4694 latioribus
1098 4623 1201 4676 nunc
1222 4601 1512 4693 angustioribus
1532 4622 1586 4672 ca-

386 4731 598 4806 naliculatis
627 4731 686 4802 vel
707 4729 915 4822 subplanis‚
945 4730 1134 4802 interdum
1163 4728 1347 4822 crispatis,
1376 4729 1415 4801 in
1435 4735 1588 4822 utraque
