3500 5450
913 540 1125 613 ,34-

601 756 754 896 Aqua
780 752 1109 862 Ginnamorni
1138 752 1447 896 spirituosu.

419 944 518 1036 Rpe:
558 940 712 1018 dortlols
735 938 953 1015 cinnamoni
974 939 1116 1018 contusi

853 1074 1051 1165 qrammutu
1070 1066 1214 1139 ducenta
1544 1066 1630 1167 200

558 1195 681 1295 Aque
857 1202 1087 1293 qrammntum
1110 1201 1259 1290 quatuor
1273 1194 1395 1266 nentia.
1512 1193 1630 1265 4000

473 1356 476 1361 ·
558 1317 715 1424 Spiritus
736 1320 813 1400 vnn
834 1322 946 1399 diluti

748 1551 750 1554 Ι
774 1548 775 1551 ¹
852 1458 1052 1548 qrammntn
1066 1449 1208 1521 ducenta
1228 1449 1493 1543 quinquaqinta.
1540 1446 1627 1518 u50

529 1580 678 1652 Macera
696 1601 765 1671 per
793 1579 991 1651 duodecim
1009 1577 1135 1663 horas
1154 1580 1234 1649 tum
1256 1574 1434 1648 abstrahe

858 1713 1059 1804 qrammnta
1077 1704 1154 1776 mill
1173 1761 1180 1776 .
1515 1703 1627 1775 1000

535 1834 698 1933 Sqrnpns
715 1833 946 1907 Cinnnmomi.
962 1834 995 1906 T
994 1837 1128 1905 incturu
1138 1854 1272 1903 amaru.
1286 1829 1456 1902 Tinctum
1470 1829 1629 1903 Mutatio

421 1964 537 2037 Ferri.
560 1962 730 2036 Tinctum
756 1962 839 2059 opu
859 1968 1004 2035 crocata.

785 2192 938 2333 Aqua
965 2191 1258 2308 destillatio.

531 2382 662 2476 Aquae
702 2381 913 2453 communis
952 2379 1149 2453 destillatio
1186 2379 1225 2452 in
1264 2383 1450 2472 apparatu
1483 2378 1627 2471 optime

422 2512 604 2584 mundato
619 2511 672 2584 ita
685 2510 911 2601 instituatur,
928 2515 969 2581 ut
982 2508 1111 2602 liquidi
1126 2507 1350 2582 duodecima
1365 2507 1508 2579 circiter
1520 2527 1626 2597 pars

424 2660 522 2733 quae
556 2639 678 2730 prima
709 2638 749 2709 in
784 2637 998 2729 excipulum
1031 2636 1234 2726 stillaverit,
1268 2633 1467 2726 rejiciatur,
1488 2632 1628 2705 deinde

423 2768 622 2841 destillatio
646 2766 791 2838 tamdiu
817 2765 1066 2856 continuetur,
1093 2765 1213 2838 donec
1238 2763 1352 2837 totius
1380 2783 1501 2854 aquae
1522 2761 1630 2833 adbi-

423 2897 524 2970 bitae
534 2902 611 2969 tres
623 2895 698 2967 tere
710 2894 939 2987 quadrantes
949 2893 987 2965 in
998 2892 1209 2983 excipulum
1219 2889 1468 2964 transmissae
1478 2887 1629 2961 luerint.

532 3022 664 3114 Aquae
691 3021 901 3094 destillatae
932 3024 1141 3111 grammata
1169 3018 1297 3110 viginti
1327 3020 1413 3109 post
1444 3037 1628 3107 evapora-

425 3150 566 3222 tionem
580 3147 722 3222 residui
736 3148 827 3220 nihil
839 3147 1065 3238 relinquant.
1083 3146 1179 3219 Cum
1195 3168 1295 3238 aqua
1309 3143 1631 3237 hydrosulsurata,

426 3277 505 3349 sive
521 3275 876 3349 cumsolutionibus
888 3273 1108 3366 hydrargyri
1120 3272 1326 3360 bichlorati,
1345 3272 1486 3363 argenti
1495 3270 1632 3358 uitrici,

426 3403 530 3495 baryi
550 3403 719 3492 chlorati,
739 3402 883 3495 plumbi
905 3401 1033 3474 acetici
1053 3399 1179 3487 basici,
1201 3399 1378 3471 ammonii
1397 3397 1530 3470 oxalici
1549 3402 1633 3471 ten-

425 3536 504 3604 tata
522 3551 569 3603 ne
589 3535 764 3603 mutetur.
794 3528 1021 3602 Centimetra
1041 3528 1172 3600 cubica
1192 3534 1343 3598 centum
1364 3544 1485 3615 aquae
1506 3524 1633 3597 destil-

427 3660 524 3732 latae
546 3680 632 3730 cum
648 3658 873 3730 centimetris
891 3657 1030 3730 cubicis
1043 3656 1208 3749 quinque
1225 3652 1319 3727 acidi
1335 3651 1635 3725 sulfuricimixta

426 3791 463 3858 et
478 3788 525 3859 ad
545 3789 838 3877 temperaturam
861 3786 961 3857 100Ο
985 3784 1128 3857 circiter
1153 3783 1344 3872 calefacta,
1373 3779 1422 3853 ad
1438 3800 1636 3852 summum

427 3914 686 3987 centimetrum
711 3912 883 3985 cubicum
917 3911 1109 3982 dimidium
1139 3910 1336 3983 solutionis
1364 3905 1638 3981 volumetricae

426 4041 512 4113 kalii
531 4039 861 4132 hypermanganici
882 4041 1117 4124 consumant,
1148 4043 1190 4110 ut
1210 4012 1336 4110 colore
1357 4055 1515 4107 rosaceo
1535 4034 1641 4106 intra

429 4167 677 4262 quadrantem
696 4167 812 4239 horae
831 4187 909 4238 non
925 4171 1174 4239 evanescente
1193 4165 1394 4256 tingantur.

792 4398 947 4538 Aqua
972 4395 1261 4512 lloeniouli.

429 4588 527 4680 Rpe:
568 4581 718 4662 Fructus
738 4581 923 4660 looniouli
941 4582 1086 4658 contusi

861 4716 1061 4807 qrammntc
1079 4716 1209 4783 centum
