3500 5450
870 560 1111 636 ..pflu-

498 777 587 865 Ubi
608 776 845 866 admonitio
868 787 1017 867 notatu
1040 778 1172 895 digna
1192 777 1427 891 videbatur,
1470 780 1592 897 quali

391 970 493 1030 cura
535 950 786 1059 praeparata
829 946 990 1031 servari
1035 942 1228 1056 debeant,
1272 945 1332 1033 ibi
1375 948 1590 1034 monitum

392 1107 606 1222 singulare
630 1106 879 1222 adjunctum
902 1117 976 1194 est.

506 1272 687 1359 Ratione
725 1269 875 1359 habita
913 1269 1232 1383 desideriorum,
1280 1301 1390 1390 quae
1435 1281 1527 1361 tum
1565 1304 1595 1362 a

394 1435 572 1524 medicis
597 1466 730 1551 quum
752 1465 779 1522 a
799 1435 1148 1552 pharmacopolis
1188 1435 1347 1554 ubique
1382 1445 1591 1527 terrarum

393 1601 684 1717 exprimuntur
708 1607 751 1686 et
773 1628 826 1687 eo
848 1598 1036 1711 tendunt,
1063 1611 1109 1689 ut
1138 1601 1276 1715 major
1298 1606 1523 1691 consensio
1546 1604 1592 1688 in

391 1763 794 1885 praescriptionibus
844 1795 922 1881 pro
976 1764 1176 1882 parandis
1232 1765 1591 1853 medicaminibus

392 1931 750 2046 pharmaceutiois
772 1929 983 2045 imprimis
1005 1932 1174 2017 tonicae
1203 1929 1360 2018 indolis
1389 1931 1432 2016 in
1462 1932 1591 2046 phar-

289 2117 291 2121 ’
393 2095 645 2211 macopoeis
684 2102 948 2211 assequatur,
991 2096 1177 2181 rationes
1216 2097 1260 2197 in
1297 2093 1491 2182 formulis
1535 2092 1593 2182 ad

393 2256 616 2345 efficienda
633 2265 823 2345 exuacta
839 2266 881 2344 et
897 2259 1098 2347 tincturas
1109 2258 1380 2374 praescriptis
1393 2267 1591 2375 receptae

393 2433 501 2533 sunt,
558 2449 668 2539 quae
728 2424 772 2508 in
825 2420 1228 2538 praescriptionibus
1283 2421 1590 2511 notabiliorum

393 2588 836 2703 pharmacopoearum
845 2587 1093 2674 novissimis
1105 2584 1368 2704 temporibus
1383 2585 1589 2674 editarum

395 2759 632 2862 occurrunt,
688 2753 791 2837 item
836 2761 878 2839 et
920 2751 1151 2840 methodus
1201 2752 1501 2869 persolutionis
1543 2754 1591 2839 in

394 2927 598 3033 apparatu
632 2919 694 3003 sic
727 2914 841 3004 dieto
875 2915 1131 3032 depulsorio,
1174 2945 1261 3033 qua
1294 2917 1433 3032 major
1465 2945 1590 3033 prae-

394 3082 529 3198 parati
551 3083 826 3169 conformitas
857 3090 900 3169 et
931 3081 1212 3197 praestantior
1246 3082 1428 3199 qualitas
1463 3083 1591 3169 attin-

395 3247 519 3360 gitur,
545 3248 642 3333 usui
664 3244 1057 3334 commendabatur.

504 3410 751 3499 Profuturo
775 3438 879 3525 ergo
903 3411 1122 3520 tincturae,
1147 3437 1256 3526 quae
1286 3411 1510 3527 hucusque
1535 3436 1591 3495 ex

395 3583 512 3690 parte
530 3605 616 3662 una
632 3573 893 3662 substantiae
911 3581 954 3659 et
968 3571 1158 3689 partibus
1177 3576 1366 3690 quinque
1382 3574 1592 3661 menstrui

394 3752 604 3856 parantur,
655 3738 758 3856 quin
813 3737 1026 3855 quantitas
1070 3736 1277 3825 tincturae
1333 3736 1590 3825 obtinendae

396 3906 568 3995 definita
590 3905 655 4014 sit,
679 3905 722 3990 in
745 3901 946 4019 ponderis
968 3900 1158 4019 partibus
1191 3901 1341 3989 decem
1382 3902 1590 3989 tincturae

396 4070 597 4159 solubilia
642 4097 695 4155 ex
745 4077 864 4184 parte
921 4097 1004 4155 una
1057 4065 1318 4155 substantiae
1377 4063 1594 4152 adhibitae

396 4232 681 4322 continebunt.
706 4231 795 4319 Ubi
832 4234 939 4322 ratio
979 4234 1112 4318 suasit
1142 4228 1374 4319 methodus
1397 4219 1592 4345 percola-

394 4400 521 4485 tionis
565 4397 620 4485 ad
664 4396 854 4516 paranda
897 4406 1086 4484 extracta
1140 4404 1182 4482 et
1223 4397 1429 4482 tincturas
1469 4420 1595 4510 prac-

395 4564 551 4680 soripta
573 4572 647 4651 est.
