3500 5450
658 573 901 646 -185-

180 817 250 870 nec
275 803 415 876 sulfure
437 796 600 869 demisso
625 793 828 884 opalescat,
854 812 923 864 nec
944 812 1045 883 aqua
1064 790 1379 881 hydrosullurata,

180 947 251 1000 nec
271 928 399 1001 addita
419 924 620 1011 ammonia,
641 918 831 993 ammonio
851 917 1036 991 sulfurato
1057 918 1222 990 colorem
1248 923 1379 991 mutet.

180 1053 322 1128 Eadem
361 1053 468 1127 acido
506 1049 637 1123 nitrico
677 1046 865 1120 acidulata
901 1045 960 1118 vel
998 1045 1114 1136 baryo
1152 1046 1284 1120 uitrico
1322 1047 1381 1118 vel

181 1187 337 1273 argento
356 1180 490 1254 nitrico
509 1198 557 1250 ne
576 1174 689 1249 nimis
709 1173 890 1248 turbetur.

291 1306 487 1381 Contineat
524 1305 563 1377 iu
596 1308 747 1377 centum
791 1300 963 1395 partibus
1015 1300 1211 1375 minimum
1256 1307 1382 1393 partes

184 1436 234 1507 36
247 1457 254 1473 ·
266 1436 286 1507 7
299 1433 332 1507 N
334 1434 417 1507 atrii
432 1431 619 1506 carbonici
635 1429 737 1516 sicci;
754 1433 982 1521 quapropter
1001 1449 1171 1519 gramma
1190 1427 1383 1501 dimidium

181 1561 297 1635 Natrii
325 1560 512 1636 carbonici
549 1555 796 1649 crystallisati
834 1555 874 1627 in
912 1577 1013 1648 aqua
1047 1555 1235 1628 destillata
1271 1558 1382 1631 centi-

182 1688 312 1762 metris
323 1688 461 1763 cubicis
472 1686 617 1760 circiter
631 1683 759 1776 viginti
771 1684 948 1773 solutum,
959 1683 1156 1755 minimum
1166 1683 1385 1758 centimetra

182 1816 312 1889 cubica
340 1815 491 1908 triginta
520 1817 681 1905 quatuor
700 1817 736 1884 et
755 1812 1008 1884 sex'decimas
1028 1815 1158 1904 partes
1181 1811 1286 1902 (3er
1309 1811 1383 1903 CC)

182 1941 379 2016 solutionis
393 1940 675 2014 alcalimetrirae
692 1938 955 2012 decinormalis
976 1943 1182 2027 consumat,
1202 1943 1244 2011 ut
1261 1938 1385 2032 liquor

183 2074 317 2144 neuter
337 2069 484 2142 evadat.

293 2195 465 2287 Crystalli
485 2194 627 2269 ruditer
641 2199 761 2284 tusae,
776 2194 860 2268 loco
879 2193 1008 2288 tepido
1029 2192 1106 2265 aeri
1123 2195 1325 2288 expositae,
1346 2195 1384 2266 in

183 2323 378 2416 pulverem
404 2321 623 2396 dilabuntur·
652 2328 688 2396 et
715 2324 814 2396 ultra
838 2343 906 2396 sex
927 2322 1091 2395 decimas
1118 2322 1296 2414 ponderis
1324 2321 1384 2395 sui

183 2456 311 2544 partes
337 2450 508 2543 perdunt
534 2450 662 2523 Pulvis
688 2451 775 2524 inde
803 2457 938 2524 enatus
967 2470 1035 2542 per
1069 2449 1232 2523 cribrum
1265 2454 1384 2522 trans·

182 2577 306 2670 jactus
327 2578 399 2650 sub
418 2577 570 2651 nornine

383 2700 541 2781 llrtrlun
561 2702 789 2783 carboniam!
810 2702 946 2782 siceum
967 2701 1195 2803 (dilapsu)

185 2838 335 2928 praesto
355 2834 548 2907 habeatur.

299 2961 469 3035 Tincturo
499 2960 587 3033 rtet
614 2984 757 3057 aquosa.

378 3301 619 3410 Natrium
646 3301 1193 3444 hydrooarbonicum.

259 3563 262 3569 ·
303 3530 490 3610 Natrium
513 3531 825 3610 bicarbonioum.
848 3530 1102 3610 Bicarbonas
1125 3531 1268 3611 Sodae.

297 3726 455 3799 Crustae
502 3727 750 3819 crystallinae,
798 3747 952 3819 opacae,
998 3733 1085 3800 ae're
1130 3727 1387 3820 persistentes

188 3852 338 3948 saporis
372 3853 608 3943 subalcalini,
633 3854 673 3927 in
699 3876 820 3947 aquae
849 3853 1006 3947 frigidae
1041 3855 1211 3946 partibus
1245 3854 1390 3929 circiter

191 3983 239 4053 13
268 3980 462 4070 solubiles
497 3981 697 4055 calefactae
731 3982 881 4055 acidum
914 3983 1155 4056 carbonicum
1188 3987 1224 4056 et
1250 4004 1389 4076 aquam

188 4109 374 4198 emittunt,
408 4108 601 4182 residuum
634 4114 692 4182 est
731 4110 932 4184 reactionis
965 4112 1106 4185 fortiter
1140 4110 1319 4184 alcalinae
1353 4116 1404 4208 et

188 4237 363 4311 flammae
384 4236 578 4310 admotum
597 4237 695 4310 hanc
716 4237 838 4311 colore
858 4239 958 4312 flavo
978 4239 1094 4312 inficit

297 4363 441 4437 Solutlo
471 4385 517 4436 ex
546 4369 752 4454 grammate
777 4386 853 4439 uno
880 4366 971 4439 salis
1003 4370 1039 4439 et
1057 4366 1236 4458 grammis
1260 4365 1389 4456 viginti

189 4512 309 4583 aquae
339 4491 547 4565 destillatae
566 4496 711 4585 parata,
739 4492 875 4566 additis
900 4494 1014 4586 guttis
1034 4493 1152 4566 tribus
1190 4494 1387 4567 solutionis

189 4616 547 4711 phenolphthale‘r'ni,
568 4640 614 4691 ne
641 4618 770 4692 statim
788 4621 964 4694 rubescat
983 4624 1020 4693 et
1046 4620 1079 4693 si
1098 4621 1198 4693 lente
1211 4621 1388 4710 rubescit,

189 4748 294 4837 gutta
312 4766 390 4817 una
409 4746 504 4817 acidi
523 4745 798 4837 hydrochlorici
820 4746 925 4819 diluti
944 4748 1188 4821 decoloretur.
