3500 5450
923 563 1134 637 ‚58-

427 778 593 852 admisce
609 778 753 879 Cbiuini
769 781 929 854 recentis
944 783 1063 876 parati
1085 782 1210 855 adhue
1229 783 1373 856 humidi
1393 790 1430 858 et
1444 785 1549 857 bene
1566 783 1650 870 loti

430 908 531 999 quod
552 927 598 979 ex

537 1031 677 1109 chinni
698 1032 867 1111 sulfurioi
1085 1039 1256 1133 proaemio
1275 1037 1434 1111 tredecim
1455 1044 1489 1111 at

1136 1165 1284 1237 dimidio
1552 1164 1650 1236 13·5

427 1313 497 1383 ope
519 1292 612 1364 acidi
642 1291 808 1364 sulfurici
836 1290 875 1363 in
900 1312 1000 1382 aqua
1024 1291 1211 1365 destillata
1236 1293 1418 1367 solvendo
1446 1300 1483 1366 et
1513 1291 1651 1365 natrio

427 1419 712 1511 hydrooxydato
734 1421 859 1492 soluto
879 1418 1159 1511 praecipitando
1180 1420 1382 1493 obtinuisti.

433 1566 435 1570 “
536 1546 728 1619 Solutione
753 1550 906 1638 peracta
938 1545 1132 1637 liquidum,
1166 1546 1204 1619 in
1237 1548 1365 1639 patina
1395 1548 1651 1640 porcellanca

426 1673 658 1748 tenuioribus
685 1673 811 1747 stratis
838 1673 981 1762 illitum,
1009 1673 1085 1746 leni
1105 1674 1228 1747 calore
1258 1674 1306 1746 ab
1335 1675 1418 1747 luce
1446 1680 1650 1747 remotum

428 1800 552 1873 sicca·

535 1930 724 2003 Lamallae
743 1929 901 2017 nitidae,
931 1929 1155 2022 diaphanae,
1176 1928 1311 2001 coloris
1338 1951 1357 2001 e
1381 1929 1497 2002 rubro
1528 1926 1649 2013 frisci,

426 2058 571 2152 saporis
592 2058 708 2129 amari
728 2056 937 2149 ferruginei,
958 2057 996 2129 in
1016 2078 1117 2149 aqua
1135 2059 1235 2130 lente
1256 2056 1418 2149 quidem,
1439 2057 1510 2129 sed
1533 2055 1647 2127 omni

425 2185 676 2278 proportione,
696 2185 736 2258 in
755 2185 887 2278 spiritu
907 2184 981 2257 vini
1000 2184 1157 2277 paulurn
1175 2183 1367 2257 solubiles

536 2312 678 2386 Solutio
722 2333 869 2404 aquosa
922 2312 1297 2403 halin-serrocyanato
1344 2309 1648 2403 praecipitatum

426 2442 637 2513 caeruleum
657 2440 828 2527 dominia
851 2438 986 2531 quodsi
1006 2460 1091 2511 curn
1111 2438 1299 2511 solutione
1318 2459 1473 2530 aquosa,
1495 2435 1647 2508 additis

425 2568 537 2659 guttis
580 2567 771 2640 nonnullis
819 2567 928 2639 natrii
974 2565 1258 2658 hydrooxydati,
1313 2564 1445 2638 aether
1482 2564 1648 2656 aequali

426 2696 614 2770 volumine
648 2695 941 2788 conquassando
974 2695 1152 2767 miscetur
1185 2696 1222 2765 et
1254 2693 1301 2764 ab
1336 2697 1451 2766 strato
1482 2712 1646 2785 aquoso

427 2824 620 2916 sejunctus
642 2826 690 2897 ad
719 2824 862 2896 siccum
883 2827 1117 2916 evaporatur,
1144 2819 1347 2908 residuum,
1374 2821 1476 2911 quod
1497 2824 1646 2906 exstat,

426 2953 464 3025 in
502 2975 603 3045 aqua
634 2952 741 3026 acido
775 2950 1060 3043 hydrochlorico
1093 2947 1280 3021 acidulata
1316 2948 1494 3036 solutum,
1533 2969 1644 3038 aqua

426 3081 544 3153 chlori
565 3081 790 3153 succedente
812 3077 1003 3151 ammonia
1022 3076 1146 3149 colore
1166 3075 1272 3147 viridi
1291 3073 1408 3147 inficit
1455 3131 1463 3146 .

536 3208 712 3281 Servetur
731 3228 754 3279 a
771 3207 855 3279 luce
874 3211 1071 3278 remotum.

627 3527 911 3688 Chininum
935 3523 1424 3669 hydrochloricum.

535 3736 706 3828 Crystalli
739 3735 956 3822 aciculares,
989 3733 1107 3820 albae,
1141 3729 1270 3803 nitoris
1303 3727 1443 3816 sericei,
1478 3725 1635 3819 saporis

426 3864 553 3955 amari,
586 3866 625 3938 in
658 3885 780 3956 aquae
813 3863 984 3956 partibus
1010 3860 1151 3933 circiter
1173 3859 1234 3944 34,
1263 3856 1381 3929 multo
1410 3854 1556 3927 facilius
1595 3854 1635 3925 in

425 3993 557 4086 spiritu
585 3992 660 4066 vini
690 4011 866 4064 necnon
898 3990 937 4061 in
971 3985 1234 4061 chloroionnio
1255 3983 1445 4057 solubiles
1481 3980 1631 4053 Solutio

425 4143 582 4214 aquosa,
614 4118 814 4193 reactionis
833 4116 1014 4203 neutrius
1043 4136 1121 4187 non
1140 4111 1339 4200 ssuorescit
1371 4109 1500 4183 addita
1528 4129 1633 4199 aqua

425 4249 542 4322 chlori
569 4255 604 4322 et
624 4246 814 4319 ammonia
834 4246 997 4317 colorem
1021 4241 1178 4314 viridem
1202 4239 1324 4328 trahit,
1351 4259 1437 4310 curn
1469 4240 1629 4326 argento

425 4359 553 4450 nitrico
579 4374 863 4469 praecipitatum
893 4372 1019 4444 albuin
1039 4369 1160 4457 efficit,
1189 4368 1241 4442 ita
1268 4365 1430 4458 quidem,
1459 4368 1501 4435 ut
1530 4361 1631 4434 deci-

424 4510 633 4598 grammata
652 4505 726 4577 duo
752 4502 842 4574 salis
865 4500 904 4572 in
924 4497 1149 4571 centimetris
1174 4493 1316 4568 cubicis
1343 4492 1473 4564 decem
1503 4511 1629 4581 aquae

425 4634 630 4707 destillatae
645 4632 779 4718 soluta,
797 4628 952 4719 adjectis
968 4626 1110 4718 aliquot
1125 4622 1237 4716 guttis
1253 4619 1348 4692 acidi
1363 4617 1492 4704 uitrici,
1512 4617 1628 4690 centi-

424 4770 542 4836 metra
557 4760 690 4834 cubica
701 4758 865 4851 quinque
877 4754 1073 4828 solutionis
1094 4749 1237 4842 argenti
1255 4746 1374 4821 nitrici
1395 4744 1628 4818 volumetrici
