3500 5450
910 549 1124 623 ..44ss

415 771 556 848 sensim
575 773 792 862 ingerantur
804 770 843 845 in
862 772 1094 844 cucurbitam
1115 792 1212 864 quae
1232 769 1411 845 continet:

524 933 625 1013 131111
647 933 768 1011 ultrici
788 933 1012 1012 3333331130
1071 940 1270 1030 prummutu
1289 933 1480 1006 duccnlcet

1125 1063 1314 1158 3313391313.
1541 1059 1625 1132 060

525 1229 811 1320 Languescente
829 1225 1019 1300 solutione
1036 1225 1111 1296 vim
1127 1224 1223 1297 acidi
1240 1223 1492 1296 calefaciendo
1509 1244 1626 1313 auge,

416 1356 650 1447 usquedum
673 1354 839 1428 ebulliat.

524 1519 664 1611 Liquor
682 1522 814 1611 partus
834 1516 994 1589 filtretur
1013 1521 1049 1589 et
1068 1515 1273 1589 misceatur
1293 1537 1378 1588 cum

524 1679 644 1779 Aquae
665 1676 873 1755 destillotoe
893 1681 1141 1780 temperatura
1160 1676 1229 1753 100

974 1813 1210 1902 prunrmutum
1231 1830 1291 1879 sca
1308 1805 1476 1878 mittitur.
1510 1805 1623 1878 6000

521 1971 811 2064 Praecipitatum
830 1970 918 2043 iude
938 1975 1072 2062 ortum,
1093 1970 1190 2044 filtro
1210 1970 1408 2043 collectum
1428 1975 1543 2061 atque

522 2134 641 2233 lurae
661 2131 871 2212 destinatae
892 2135 1142 2235 temperatura
1161 2133 1223 2210 15ο

1088 2265 1258 2359 prummic
1280 2262 1476 2358 quinpnrtc's
1536 2261 1619 2333 500

413 2430 543 2516 lotum,
564 2426 659 2499 inter
679 2424 848 2497 chartam
868 2425 1035 2498 bibulam
1061 2425 1292 2518 exprimatur
1320 2430 1357 2497 et
1375 2424 1459 2496 loco
1481 2422 1618 2515 frigido

412 2557 593 2630 umbroso
613 2552 781 2625 siccetur.

520 2680 647 2756 Pulvis
659 2681 907 2773 crystallinus,
923 2682 1044 2771 311133,
1058 2679 1259 2756 reactionis
1273 2679 1412 2770 acidae,
1428 2679 1466 2752 in
1480 2679 1616 2753 tubulo

410 2814 528 2888 vitreo
562 2810 774 2901 calefactus
809 2831 971 2904 vapores
1004 2810 1126 2903 primo
1161 2831 1306 2902 aqueos
1337 2814 1425 2902 post
1461 2808 1619 2880 nitricos

412 2942 545 3015 emittit
577 2949 613 3015 31
641 2942 834 3016 residuum
860 2944 1002 3015 ssavum
1030 2941 1217 3015 Bismuthi
1247 2940 1398 3032 oxydati
1427 2937 1618 3029 relinquit,

410 3068 508 3141 kalio
539 3068 826 3161 hydrooxydato
856 3068 980 3141 soluto
1010 3068 1137 3141 addito
1158 3067 1361 3141 calefactus
1383 3066 1619 3139 ammoniam

409 3217 456 3268 ne
477 3196 636 3270 exhalet

519 3323 562 3396 13
576 3325 684 3397 acido
699 3324 830 3398 nitrien
846 3323 963 3396 diluto
980 3324 1121 3414 absque
1137 3321 1418 3395 effervescentia
1432 3321 1616 3393 solvatur.

409 3449 510 3523 Haec
526 3451 674 3542 solutio,
689 3473 806 3544 parva
826 3473 949 3543 aquae
970 3450 1178 3524 destillatae
1197 3449 1370 3543 portione
1392 3448 1520 3538 diluta,
1540 3470 1615 3520 nec

409 3583 563 3669 argento
591 3578 739 3667 uitrico,
774 3600 843 3653 333
871 3580 990 3671 baryo
1019 3576 1163 3666 nitrien,
1197 3599 1267 3650 333
1295 3577 1403 3650 acido
1432 3574 1615 3648 sulfun'co

395 3704 525 3778 diluto
545 3710 723 3778 mutetur.

516 3832 756 3907 Bismuthum
804 3832 1054 3906 subnitricum
1107 3831 1214 3905 acido
1262 3830 1439 3905 sullurico
1491 3829 1613 3902 diluto

407 3958 557 4051 limpide
587 3962 770 4050 solvatur,
800 3960 993 4033 ammonia
1022 3958 1222 4033 abundans
1251 3960 1289 4031 in
1318 3960 1390 4032 hac
1420 3957 1613 4030 solutione

407 4086 656 4160 sedimentum
691 4088 819 4160 album
852 4087 995 4178 gignat,
1034 4086 1157 4179 liquor
1195 4088 1241 4160 ab
1280 4107 1325 4159 eo
1359 4086 1521 4159 filtratus
1561 4085 1614 4157 sit

407 4214 557 4286 decolor
578 4219 615 4287 et
634 4235 735 4306 aqua
753 4213 1059 4307 hydrosulturata
1078 4235 1126 4286 ne
1147 4213 1328 4286 turbetur.

516 4340 692 4414 Gramma
715 4340 941 4435 praeparati,
968 4361 1054 4412 cum
1082 4340 1188 4414 acido
1213 4321 1392 4413 sulfurico
1419 4340 1613 4432 usquead

406 4468 686 4543 extricationem
702 4491 887 4562 vaporum
904 4469 997 4542 acidi
1013 4468 1180 4542 sulfurici
1196 4469 1426 4557 calefactum,
1437 4489 1615 4541 massam

404 4596 592 4689 praebeat,
620 4617 716 4689 quae
735 4596 774 4669 in
794 4601 979 4690 apparatu
999 4596 1153 4669 Marsbii
1175 4601 1318 4669 tentata
1336 4618 1384 4669 nc
1403 4596 1614 4688 vestigium

404 4725 545 4816 speculi
566 4724 725 4798 arsenici
746 4723 931 4798 exhibeat.
