3500 5450
638 571 853 644 ..51..

145 789 228 880 bna,
249 788 435 880 mollibus
455 789 491 862 in
513 809 667 882 corpore
686 788 771 882 pilis
790 763 998 862 tenerrimis
1018 786 1161 882 sparsis
1177 787 1347 877 obsessa,

143 918 303 1011 pedibus
330 917 464 1010 longis
506 917 747 1006 tenuissimis
781 915 907 1009 nigris
950 916 1076 990 odoris
1104 915 1345 1009 penetrantis

144 1045 280 1137 gravis,
310 1045 434 1135 virosi,
463 1044 610 1138 saporis
631 1045 679 1117 ab
703 1044 806 1117 initia
831 1065 966 1136 parum
985 1026 1182 1132 manifesti,
1212 1043 1346 1117 deinde

144 1173 322 1246 acerrimi.

253 1318 497 1392 cantharides
527 1319 746 1392 combustae
777 1318 911 1391 cineris
941 1340 987 1390 ex
1007 1322 1157 1390 centum
1176 1318 1345 1411 partibus

142 1469 190 1519 ne
210 1447 295 1540 plus
316 1469 430 1539 quarn
450 1450 534 1519 acto
552 1451 679 1540 partes
698 1446 921 1539 relinquant.

250 1573 448 1667 Apadnas
467 1573 660 1646 mensibus
680 1574 788 1647 lunio
806 1573 964 1663 attalia,
979 1571 1215 1667 potissimum
1233 1572 1343 1645 fraxi-

142 1722 224 1788 nea,
240 1698 396 1793 ligustra
411 1705 447 1772 et
461 1699 633 1793 syringas
649 1700 829 1792 gregatim
845 1701 1102 1794 depascentes
1123 1700 1347 1791 colliguntur

143 1832 181 1900 et
196 1828 290 1901 bene
306 1827 513 1900 exsiccatae
529 1829 568 1901 in
582 1828 683 1902 vasis
698 1827 837 1921 optime
854 1829 993 1902 clausis
1009 1832 1116 1900 caute
1136 1834 1345 1901 serventur.

257 1972 433 2046 Tinctum.
463 1973 707 2069 Emplastrum
731 1972 982 2045 Cantharidum
1003 1973 1238 2045 ordinariam.
1261 1972 1345 2045 Em-

137 2100 312 2196 plastram
339 2099 590 2173 Cantharidum
603 2108 820 2197 perpetrarem.

389 2550 564 2661 Carta
591 2553 750 2694 [rigui
777 2550 1093 2693 depuratus

139 2796 244 2889 Rpe:
275 2791 446 2871 Carbonis
467 2795 557 2896 ligat
577 2792 654 2871 rtur
675 2791 854 2871 intrastis
966 2821 997 2892 q.
1020 2819 1049 2866 v.

269 2941 528 3015 Excandescat
544 2941 582 3014 in
599 2962 689 3013 vase
706 2940 836 3029 terrea,
856 2942 952 3014 bene
968 2946 1078 3026 tecta,
1097 2945 1177 3012 turn
1191 2940 1344 3033 refrige-

140 3073 275 3158 ratum,
291 3090 314 3140 a
329 3067 514 3141 cineribus
531 3069 756 3162 depuratum
767 3073 804 3141 et
813 3067 851 3145 in
862 3067 1055 3161 pulverem
1064 3067 1193 3141 tritum
1203 3067 1241 3140 in
1251 3089 1343 3140 vase

141 3196 239 3268 bene
259 3195 388 3268 clauso
408 3216 557 3288 repone.

252 3340 378 3413 Pulvis
397 3339 619 3435 dmtisricins
638 3339 748 3436 uipera

554 3773 928 3914 Carraglreen.

550 4020 655 4123 Aiga
674 4017 917 4124 Carraghen.

260 4231 594 4329 Chondrascrr'spas
614 4232 822 4324 Lynghye
843 4239 880 4306 et
904 4233 1091 4329 Gipartirm
1110 4234 1343 4344 mammillam

146 4360 359 4453 Agardh,
390 4360 496 4452 algae
535 4360 582 4432 ad
621 4360 734 4433 maris
766 4360 940 4434 Atlantici
974 4360 1083 4434 litora
1120 4362 1345 4454 frequentes.

148 4487 337 4561 Floridaae.
375 4488 612 4585 quartiaeae.

253 4633 409 4708 Plantae
425 4633 585 4706 siccatae
600 4633 718 4706 thalla
738 4633 852 4726 plano
869 4639 935 4707 aut
949 4633 1207 4723 canaliculatO,
1221 4634 1345 4707 dicho-

148 4765 262 4850 tomo,
300 4759 444 4833 laciniis
483 4760 817 4851 diversiiormihuS,
855 4783 955 4835 nunc
993 4761 1198 4849 latioribus,
1246 4782 1345 4834 nunc

1092 4899 1128 4953 4*
