3500 5450
848 426 1090 496 -164-

365 643 403 715 in
424 643 554 716 charta
573 642 694 732 tritus
721 641 844 715 colore
863 640 964 714 flavo
984 640 1143 733 tingens,
1164 640 1398 734 compositus
1419 663 1438 714 e
1459 642 1559 734 glan-

366 770 463 843 dulis
478 769 643 860 minutis,
659 768 1104 863 depresso-subglobosis,
1126 769 1253 862 aliqua
1269 790 1315 842 ex
1330 774 1437 861 parte
1452 771 1559 842 mori·

365 898 559 986 formihus‚
587 897 770 969 diametro
791 896 1033 970 0·04—0·10
1053 895 1263 984 millimetri,
1284 918 1382 989 quae
1411 896 1561 970 cellulas

366 1025 534 1098 clavatas
582 1024 851 1117 leptodermas,
899 1022 1072 1095 radiatim
1118 1023 1319 1115 dispositas
1364 1024 1561 1113 continent,

366 1173 518 1226 massae
566 1151 760 1224 resinosae
801 1151 936 1223 rubrae
975 1150 1105 1223 nitenti
1139 1150 1313 1240 insertas,
1353 1154 1389 1223 et
1427 1172 1446 1222 e
1479 1151 1561 1243 pilis

363 1279 592 1352 fasciculatis
610 1278 891 1373 pachydermis

472 1406 651 1481 Kamalae
681 1413 832 1482 centum
869 1410 995 1499 partes
1026 1406 1246 1478 combustae
1275 1427 1323 1477 ne
1349 1405 1562 1498 relinquant

365 1534 451 1628 plus
472 1555 585 1627 quam
604 1539 731 1628 partes
752 1555 819 1607 sex
839 1532 973 1606 cineris
993 1532 1260 1623 griseo-albidi.

474 1661 573 1736 Cave
592 1683 639 1735 ne
660 1662 708 1735 sit
728 1662 967 1755 inquinatum
986 1660 1156 1753 partibus
1177 1659 1335 1733 aliarum
1351 1659 1563 1754 plantarum

365 1810 473 1879 neve,
495 1791 598 1882 quod
617 1810 719 1863 nunc
738 1810 852 1882 quam
872 1788 1035 1861 maxime
1061 1786 1221 1861 occurrit
1240 1808 1364 1877 arena,
1394 1787 1480 1859 bolo
1501 1793 1562 1859 aut

364 1918 517 2012 pulvere
536 1916 712 1990 latericio.

711 2439 1241 2553 Kreosotum.

474 2702 615 2794 Liquor
628 2698 817 2793 limpidus,
834 2701 1021 2789 emarcus,
1041 2700 1165 2773 lucem
1179 2699 1400 2792 refringens,
1417 2701 1565 2774 decolor

364 2829 442 2901 sive
462 2828 685 2916 flavescens
715 2826 842 2900 odoris
870 2828 1101 2919 penetrantis
1119 2828 1259 2916 fumidi,
1283 2828 1460 2920 ponderis
1481 2850 1561 2921 spe-

364 2957 458 3029 cidci
482 2956 729 3043 roa-iou,
751 2976 799 3027 ne
820 2954 971 3046 quidem
991 2954 1062 3027 sub
1081 2958 1336 3047 temperatura
1358 2998 1404 3007 -
1429 2956 1503 3028 l0⁰
1526 2956 1562 3029 in

364 3104 533 3156 massam
553 3081 714 3155 solidam
732 3081 933 3173 rigescens.
968 3080 1063 3155 Cum
1083 3081 1235 3155 aethere
1263 3088 1301 3155 et
1331 3083 1463 3175 spiritu
1490 3085 1562 3156 vini

364 3210 515 3302 limpide
543 3210 733 3298 miscetur,
764 3229 886 3302 aquae
915 3208 1079 3281 fervidae
1099 3208 1243 3281 circiter·
1260 3216 1388 3304 partes
1414 3216 1562 3284 centum

365 3336 494 3428 viginti
513 3335 692 3428 exposcit,
712 3342 754 3408 ut
773 3336 924 3428 limpide
954 3335 1143 3425 solvatur;
1185 3335 1321 3409 solutio
1350 3338 1562 3429 refrigerata

364 3464 485 3557 primo
497 3463 681 3552 turbatur,
696 3467 776 3536 tum
788 3462 902 3555 guttis
917 3462 987 3535 olei
998 3462 1258 3535 secedentibus
1268 3464 1422 3557 limpida
1433 3467 1560 3555 evadit

364 3590 531 3684 pauxillo
557 3589 644 3663 ferri
664 3589 952 3682 sosquichlorati
971 3589 1099 3662 addito
1118 3590 1241 3663 denuo
1257 3592 1427 3665 turbatur
1446 3598 1482 3666 et
1502 3615 1559 3666 co·

365 3718 483 3790 torem
498 3738 517 3789 e
534 3717 656 3809 griseo
672 3716 826 3788 viridem
842 3721 909 3789 aut
923 3716 1147 3806 caeruleum,
1162 3718 1266 3791 brevi
1277 3725 1559 3792 evanescentem

365 3843 488 3932 trahit,
527 3844 705 3917 llocculos
735 3844 1057 3917 subflavescentes
1087 3845 1298 3918 demittens.
1337 3845 1559 3919 Kreosotum

365 3970 555 4043 ammonia
568 3971 734 4044 solutum
752 3976 787 4043 et
803 3971 930 4043 addito
944 3976 1098 4063 argento
1110 3974 1241 4045 nitrico
1253 3972 1301 4046 ad
1313 3972 1558 4046 ebullitionem

365 4098 597 4185 calefactum,
617 4098 750 4190 liquori
770 4099 932 4171 colorem
951 4098 1048 4171 laete
1069 4100 1225 4173 viridem
1249 4099 1385 4187 tribuit,
1407 4099 1559 4172 simulac

366 4224 489 4321 paries
508 4224 588 4296 tubi
607 4225 811 4318 probatorii
833 4225 984 4298 lamella
1003 4228 1146 4317 argenti
1164 4227 1361 4300 inducitur.

473 4352 698 4425 Kreosotum
719 4373 804 4425 cum
824 4353 955 4426 decem
970 4354 1221 4427 voluminibus
1241 4355 1452 4426 ammoniae
1475 4377 1557 4427 con·

366 4479 584 4571 quassando
602 4479 759 4552 mixtum
774 4501 822 4553 ne
837 4480 936 4554 ultra
946 4485 1119 4572 quartam
1138 4481 1196 4553 sui
1206 4480 1407 4555 voluminis
1418 4489 1559 4575 partem

365 4606 605 4679 diminuatur.
