3500 5450
650 551 859 627 „53-

593 764 920 884 castoreum.

346 957 586 1038 Castoreum
610 957 863 1052 Canadense,
884 958 924 1039 C.
948 960 1173 1064 Anglicum.

273 1118 639 1191 Occatordmericonus
655 1116 832 1208 Cuvier,
844 1120 983 1191 animal
998 1119 1211 1193 Americam
1221 1120 1353 1192 borea·

157 1247 230 1319 lem
249 1246 432 1319 habitans
461 1243 684 1318 Mommalio.
716 1245 900 1319 Rodcntio.

265 1373 433 1446 Folliculi
460 1374 555 1445 inter
594 1394 708 1445 anum
745 1379 782 1446 et
810 1374 984 1465 genitalia
1012 1374 1207 1467 utriusque
1241 1397 1354 1447 sexus

157 1501 276 1593 positi,
297 1501 472 1574 exsiccati
493 1499 643 1591 oblongi
667 1501 724 1573 vel
744 1501 1156 1594 oblongo-pyrisonnes
1182 1509 1353 1594 exparte

157 1628 374 1721 compressi,
404 1650 517 1721 saepe
543 1628 618 1700 duo
642 1628 738 1701 inter
761 1649 802 1700 se
822 1629 1021 1720 conjuncti,
1048 1630 1244 1721 superlicio
1265 1631 1352 1721 plus

156 1755 326 1829 minusve
346 1755 485 1847 rugosi,
504 1755 904 1846 nigro-suscescentes,
930 1757 1159 1829 membranis
1184 1756 1354 1830 instructi

155 1884 302 1957 duabus
329 1882 582 1972 exterioribus,
612 1888 713 1955 arcte
743 1883 886 1956 coalitis
907 1888 944 1955 et
976 1884 1171 1956 difficulter
1199 1906 1351 1976 separa·

155 2010 307 2097 bilibus,
348 2009 644 2099 integumentum
682 2014 795 2082 tenue
839 2011 1088 2083 formantibus
1130 2016 1167 2084 et
1205 2012 1353 2084 duabus

154 2137 402 2225 interioribus,
436 2137 652 2210 lamellatim
684 2137 957 2229 trajicientibus
991 2159 1136 2226 cavum,
1168 2140 1354 2231 repletum

154 2286 283 2338 massa
316 2265 571 2354 subresinosa,
601 2264 640 2336 in
659 2264 823 2337 fractura
854 2265 998 2353 nitenti,
1034 2266 1210 2338 colorise
1238 2267 1352 2339 rubro

153 2391 248 2464 fusci
268 2392 327 2464 vel
361 2394 515 2465 eiusco
540 2392 647 2484 nigri,
682 2390 808 2465 odoris
842 2394 1052 2486 peculiaris
1087 2393 1235 2486 saporis
1262 2395 1352 2467 acri·

154 2519 357 2609 aromatici,
384 2519 635 2607 amariusculi‚
661 2519 897 2591 masticando
925 2520 1101 2593 dentibus
1126 2521 1353 2611 adhaerenti,

152 2646 192 2718 in
211 2646 343 2740 spiritu
362 2646 438 2720 vini
457 2653 494 2721 et
513 2646 663 2720 aethere
683 2667 751 2740 pro
772 2669 910 2738 magna
929 2652 1034 2741 parte
1055 2648 1215 2722 solubili.

265 2774 443 2847 Tinctum.

625 3097 879 3215 dateeliu.

262 3324 392 3395 Aeneia
417 3319 562 3394 caecae
580 3322 853 3412 Willdenow,
871 3323 986 3395 arbor
1000 3323 1127 3397 Indiae
1148 3325 1350 3399 orientalis.

153 3448 414 3547 Leguminosoc.
443 3448 690 3524 Mimosaceoe.

263 3578 478 3651 Extractum
511 3600 699 3671 aquosum
734 3577 887 3667 siccum,
923 3579 959 3650 in
992 3579 1098 3652 india
1136 3582 1351 3654 orientalie

153 3706 346 3778 duramina
380 3705 523 3777 arboris
552 3706 712 3778 obscure
734 3705 838 3776 lusco
864 3711 1048 3795 paratum,
1077 3707 1174 3780 sistit
1201 3731 1351 3780 massas

153 3832 279 3922 duras,
308 3832 461 3923 solidas
489 3832 651 3924 fragiles
673 3831 907 3905 extrinsecus
928 3853 1080 3923 opacas
1103 3855 1270 3926 asperas
1290 3856 1349 3907 co·

152 3959 241 4031 loris
262 3959 424 4033 obscure
444 3959 605 4052 hepatici
625 3965 691 4032 aut
711 3958 917 4047 atro-fusci,
938 3959 976 4030 in
993 3961 1154 4033 fractura
1169 3962 1352 4035 conchata

150 4086 538 4176 resinosonitentes,
596 4086 835 4160 solummodo
883 4086 921 4158 in
969 4088 1160 4180 particulis
1207 4089 1352 4180 exiguis

152 4215 463 4308 semipellucidas,
511 4215 584 4287 sub
623 4215 870 4308 microscopio
910 4216 1158 4306 crystallinas,
1207 4216 1353 4308 saporis

151 4343 258 4415 valde
279 4341 556 4433 adstringentis,
584 4333 717 4415 deinde
740 4342 973 4415 dulciusculi.

258 4469 386 4542 Pulvis
421 4491 440 4542 e
470 4468 594 4561 griseo
613 4469 756 4558 fuscus,
787 4491 873 4541 curn
893 4491 992 4561 aqua
1022 4471 1070 4541 ad
1100 4471 1351 4544 ebulliendum

64 4601 71 4610 ’
151 4596 1067 4689 fervefactusliquorernturbidum,laccammusci
1078 4598 1340 4670 rubescentem

149 4745 234 4795 cum
258 4723 390 4815 spiritu
415 4725 489 4796 vini
518 4722 717 4797 ebulliente
738 4723 964 4796 solutionem
984 4725 1187 4820 limpidam,
1214 4725 1351 4798 coloris
