<?xml version="1.0" encoding="UTF-8"?>
<!DOCTYPE html PUBLIC "-//W3C//DTD XHTML 1.0 Transitional//EN"
    "http://www.w3.org/TR/xhtml1/DTD/xhtml1-transitional.dtd">
<html xmlns="http://www.w3.org/1999/xhtml" xml:lang="en" lang="en">
 <head>
  <title>
</title>
<meta http-equiv="Content-Type" content="text/html;charset=utf-8" />
  <meta name='ocr-system' content='tesseract 3.04.00' />
  <meta name='ocr-capabilities' content='ocr_page ocr_carea ocr_par ocr_line ocrx_word'/>
</head>
<body>
  <div class='ocr_page' id='page_1' title='image "./pharmacopoeaaus02unkngoog_0203.png"; bbox 0 0 3500 5450; ppageno 0'>
   <div class='ocr_carea' id='block_1_1' title="bbox 649 545 892 617">
    <p class='ocr_par' dir='ltr' id='par_1_1' title="bbox 649 545 892 617">
     <span class='ocr_line' id='line_1_1' title="bbox 649 545 892 617; baseline 0 0"><span class='ocrx_word' id='word_1_1' title='bbox 649 545 892 617; x_wconf 81' lang='lat'>-175—</span> 
     </span>
    </p>
   </div>
   <div class='ocr_carea' id='block_1_2' title="bbox 167 758 1371 2241">
    <p class='ocr_par' dir='ltr' id='par_1_2' title="bbox 167 758 1369 857">
     <span class='ocr_line' id='line_1_2' title="bbox 167 758 1369 857; baseline -0.009 -17"><span class='ocrx_word' id='word_1_2' title='bbox 167 768 295 857; x_wconf 84' lang='lat' dir='ltr'>mixta,</span> <span class='ocrx_word' id='word_1_3' title='bbox 316 767 437 840; x_wconf 85' lang='lat' dir='ltr'>calore</span> <span class='ocrx_word' id='word_1_4' title='bbox 457 767 531 839; x_wconf 86' lang='lat'>300</span> <span class='ocrx_word' id='word_1_5' title='bbox 556 763 696 838; x_wconf 79' lang='lat' dir='ltr'>siccata</span> <span class='ocrx_word' id='word_1_6' title='bbox 715 767 752 836; x_wconf 88' lang='lat' dir='ltr'>et</span> <span class='ocrx_word' id='word_1_7' title='bbox 765 762 804 835; x_wconf 91' lang='lat' dir='ltr'>in</span> <span class='ocrx_word' id='word_1_8' title='bbox 818 762 1010 855; x_wconf 89' lang='lat' dir='ltr'>pulverem</span> <span class='ocrx_word' id='word_1_9' title='bbox 1026 760 1201 833; x_wconf 89' lang='lat' dir='ltr'>subtilem</span> <span class='ocrx_word' id='word_1_10' title='bbox 1216 758 1369 830; x_wconf 85' lang='lat' dir='ltr'>redacta</span> 
     </span>
    </p>

    <p class='ocr_par' dir='ltr' id='par_1_3' title="bbox 167 893 587 968">
     <span class='ocr_line' id='line_1_3' title="bbox 167 893 587 968; baseline -0.012 0"><span class='ocrx_word' id='word_1_11' title='bbox 167 893 482 968; x_wconf 81' lang='lat' dir='ltr'>commisceantur</span> <span class='ocrx_word' id='word_1_12' title='bbox 502 913 587 964; x_wconf 86' lang='lat' dir='ltr'>cum</span> 
     </span>
    </p>

    <p class='ocr_par' dir='ltr' id='par_1_4' title="bbox 168 1014 1371 2241">
     <span class='ocr_line' id='line_1_4' title="bbox 305 1014 946 1121; baseline -0.011 -24"><span class='ocrx_word' id='word_1_13' title='bbox 305 1017 418 1097; x_wconf 66' lang='lat' dir='ltr'>botru</span> <span class='ocrx_word' id='word_1_14' title='bbox 439 1015 744 1121; x_wconf 64' lang='lat' dir='ltr'>lydeconis-tel</span> <span class='ocrx_word' id='word_1_15' title='bbox 764 1014 946 1118; x_wconf 71' lang='lat' dir='ltr'>palranti</span> 
     </span>
     <span class='ocr_line' id='line_1_5' title="bbox 711 1142 1368 1242; baseline -0.002 -26"><span class='ocrx_word' id='word_1_16' title='bbox 711 1144 884 1242; x_wconf 65' lang='lat' dir='ltr'>grammis</span> <span class='ocrx_word' id='word_1_17' title='bbox 904 1142 1246 1239; x_wconf 67' lang='lat' dir='ltr'>octogintaquinque</span> <span class='ocrx_word' id='word_1_18' title='bbox 1317 1144 1368 1215; x_wconf 79' lang='lat'>85</span> 
     </span>
     <span class='ocr_line' id='line_1_6' title="bbox 305 1270 794 1375; baseline -0.014 -23"><span class='ocrx_word' id='word_1_19' title='bbox 305 1272 406 1352; x_wconf 72' lang='lat' dir='ltr'>leil!</span> <span class='ocrx_word' id='word_1_20' title='bbox 427 1272 592 1352; x_wconf 72' lang='lat' dir='ltr'>tartariei</span> <span class='ocrx_word' id='word_1_21' title='bbox 611 1270 794 1375; x_wconf 70' lang='lat' dir='ltr'>pullenti</span> 
     </span>
     <span class='ocr_line' id='line_1_7' title="bbox 713 1396 1370 1497; baseline -0.006 -25"><span class='ocrx_word' id='word_1_22' title='bbox 713 1399 885 1497; x_wconf 67' lang='lat' dir='ltr'>grammis</span> <span class='ocrx_word' id='word_1_23' title='bbox 905 1396 1143 1495; x_wconf 67' lang='lat' dir='ltr'>quadraginta</span> <span class='ocrx_word' id='word_1_24' title='bbox 1316 1397 1370 1469; x_wconf 87' lang='grc'>40</span> 
     </span>
     <span class='ocr_line' id='line_1_8' title="bbox 309 1525 1371 1629; baseline -0.011 -22"><span class='ocrx_word' id='word_1_25' title='bbox 309 1525 480 1608; x_wconf 70' lang='lat' dir='ltr'>Saaabari</span> <span class='ocrx_word' id='word_1_26' title='bbox 501 1526 683 1629; x_wconf 68' lang='lat' dir='ltr'>pullenti</span> <span class='ocrx_word' id='word_1_27' title='bbox 718 1526 892 1624; x_wconf 70' lang='lat' dir='ltr'>grammis</span> <span class='ocrx_word' id='word_1_28' title='bbox 912 1525 1050 1622; x_wconf 66' lang='lat' dir='ltr'>viginti.</span> <span class='ocrx_word' id='word_1_29' title='bbox 1320 1525 1371 1596; x_wconf 72' lang='lat' dir='ltr'>ab</span> 
     </span>
     <span class='ocr_line' id='line_1_9' title="bbox 279 1652 1370 1749; baseline -0.005 -19"><span class='ocrx_word' id='word_1_30' title='bbox 279 1659 378 1731; x_wconf 88' lang='lat' dir='ltr'>Tum</span> <span class='ocrx_word' id='word_1_31' title='bbox 412 1656 553 1745; x_wconf 80' lang='lat' dir='ltr'>mixtio,</span> <span class='ocrx_word' id='word_1_32' title='bbox 583 1656 753 1749; x_wconf 85' lang='lat' dir='ltr'>spiritum</span> <span class='ocrx_word' id='word_1_33' title='bbox 788 1654 861 1727; x_wconf 86' lang='lat' dir='ltr'>vini</span> <span class='ocrx_word' id='word_1_34' title='bbox 890 1656 1169 1727; x_wconf 88' lang='lat' dir='ltr'>concentratum</span> <span class='ocrx_word' id='word_1_35' title='bbox 1198 1652 1370 1745; x_wconf 78' lang='lat' dir='ltr'>guttatim</span> 
     </span>
     <span class='ocr_line' id='line_1_10' title="bbox 168 1780 1371 1877; baseline -0.005 -19"><span class='ocrx_word' id='word_1_36' title='bbox 168 1785 385 1859; x_wconf 80' lang='lat' dir='ltr'>instillanda</span> <span class='ocrx_word' id='word_1_37' title='bbox 403 1789 440 1857; x_wconf 89' lang='lat' dir='ltr'>et</span> <span class='ocrx_word' id='word_1_38' title='bbox 453 1784 580 1877; x_wconf 85' lang='lat' dir='ltr'>pistilli</span> <span class='ocrx_word' id='word_1_39' title='bbox 596 1805 667 1876; x_wconf 87' lang='lat' dir='ltr'>ope</span> <span class='ocrx_word' id='word_1_40' title='bbox 677 1782 809 1856; x_wconf 88' lang='lat' dir='ltr'>leniter</span> <span class='ocrx_word' id='word_1_41' title='bbox 817 1781 985 1869; x_wconf 80' lang='lat' dir='ltr'>terenda,</span> <span class='ocrx_word' id='word_1_42' title='bbox 1001 1780 1040 1853; x_wconf 92' lang='lat' dir='ltr'>in</span> <span class='ocrx_word' id='word_1_43' title='bbox 1055 1802 1228 1853; x_wconf 83' lang='lat' dir='ltr'>massam</span> <span class='ocrx_word' id='word_1_44' title='bbox 1243 1800 1371 1871; x_wconf 88' lang='lat' dir='ltr'>grosse</span> 
     </span>
     <span class='ocr_line' id='line_1_11' title="bbox 170 1907 1371 2005; baseline -0.004 -20"><span class='ocrx_word' id='word_1_45' title='bbox 170 1912 414 2005; x_wconf 88' lang='lat' dir='ltr'>granulosam</span> <span class='ocrx_word' id='word_1_46' title='bbox 425 1911 625 2004; x_wconf 81' lang='lat' dir='ltr'>redigatur,</span> <span class='ocrx_word' id='word_1_47' title='bbox 642 1931 739 2002; x_wconf 87' lang='lat' dir='ltr'>quae</span> <span class='ocrx_word' id='word_1_48' title='bbox 753 1909 828 1982; x_wconf 89' lang='lat' dir='ltr'>leni</span> <span class='ocrx_word' id='word_1_49' title='bbox 843 1909 967 1982; x_wconf 86' lang='lat' dir='ltr'>calore</span> <span class='ocrx_word' id='word_1_50' title='bbox 982 1908 1132 1997; x_wconf 84' lang='lat' dir='ltr'>siccata,</span> <span class='ocrx_word' id='word_1_51' title='bbox 1152 1907 1371 1998; x_wconf 82' lang='lat' dir='ltr'>trajiciendo</span> 
     </span>
     <span class='ocr_line' id='line_1_12' title="bbox 169 2035 1371 2133; baseline -0.007 -19"><span class='ocrx_word' id='word_1_52' title='bbox 169 2062 237 2133; x_wconf 86' lang='lat' dir='ltr'>per</span> <span class='ocrx_word' id='word_1_53' title='bbox 251 2039 424 2129; x_wconf 84' lang='lat' dir='ltr'>cribrum,</span> <span class='ocrx_word' id='word_1_54' title='bbox 443 2038 482 2111; x_wconf 92' lang='lat' dir='ltr'>in</span> <span class='ocrx_word' id='word_1_55' title='bbox 496 2038 689 2132; x_wconf 90' lang='lat' dir='ltr'>pulverem</span> <span class='ocrx_word' id='word_1_56' title='bbox 710 2036 953 2129; x_wconf 82' lang='lat' dir='ltr'>aequabilem,</span> <span class='ocrx_word' id='word_1_57' title='bbox 974 2057 1107 2128; x_wconf 91' lang='lat' dir='ltr'>grosse</span> <span class='ocrx_word' id='word_1_58' title='bbox 1126 2035 1371 2128; x_wconf 86' lang='lat' dir='ltr'>granulosum</span> 
     </span>
     <span class='ocr_line' id='line_1_13' title="bbox 172 2168 408 2241; baseline 0.004 -2"><span class='ocrx_word' id='word_1_59' title='bbox 172 2168 408 2241; x_wconf 84' lang='lat' dir='ltr'>convertitur.</span> 
     </span>
    </p>
   </div>
   <div class='ocr_carea' id='block_1_3' title="bbox 280 2311 902 2386">
    <p class='ocr_par' dir='ltr' id='par_1_5' title="bbox 280 2311 902 2386">
     <span class='ocr_line' id='line_1_14' title="bbox 280 2311 902 2386; baseline -0.005 -1"><span class='ocrx_word' id='word_1_60' title='bbox 280 2313 456 2386; x_wconf 87' lang='lat' dir='ltr'>Servetur</span> <span class='ocrx_word' id='word_1_61' title='bbox 474 2311 513 2383; x_wconf 90' lang='lat' dir='ltr'>in</span> <span class='ocrx_word' id='word_1_62' title='bbox 533 2331 624 2384; x_wconf 88' lang='lat' dir='ltr'>vase</span> <span class='ocrx_word' id='word_1_63' title='bbox 643 2312 739 2385; x_wconf 91' lang='lat' dir='ltr'>bene</span> <span class='ocrx_word' id='word_1_64' title='bbox 759 2311 902 2385; x_wconf 83' lang='lat' dir='ltr'>clause.</span> 
     </span>
    </p>
   </div>
   <div class='ocr_carea' id='block_1_4' title="bbox 441 2761 1118 2904">
    <p class='ocr_par' dir='ltr' id='par_1_6' title="bbox 441 2761 1118 2904">
     <span class='ocr_line' id='line_1_15' title="bbox 441 2761 1118 2904; baseline -0.001 -34"><span class='ocrx_word' id='word_1_65' title='bbox 441 2762 782 2904; x_wconf 79' lang='lat' dir='ltr'>Magnesiam</span> <span class='ocrx_word' id='word_1_66' title='bbox 808 2761 1118 2903; x_wconf 80' lang='lat' dir='ltr'>oxydatum.</span> 
     </span>
    </p>
   </div>
   <div class='ocr_carea' id='block_1_5' title="bbox 603 2989 993 3095">
    <p class='ocr_par' dir='ltr' id='par_1_7' title="bbox 603 2989 993 3095">
     <span class='ocr_line' id='line_1_16' title="bbox 603 2989 993 3095; baseline 0 -27"><span class='ocrx_word' id='word_1_67' title='bbox 603 2989 814 3095; x_wconf 81' lang='lat' dir='ltr'>Magnesia</span> <span class='ocrx_word' id='word_1_68' title='bbox 840 2996 947 3070; x_wconf 82' lang='lat' dir='ltr'>usta.</span> <span class='ocrx_word' id='word_1_69' title='bbox 989 3013 993 3020; x_wconf 88' lang='lat'>·</span> 
     </span>
    </p>
   </div>
   <div class='ocr_carea' id='block_1_6' title="bbox 174 3181 1376 4837">
    <p class='ocr_par' dir='ltr' id='par_1_8' title="bbox 174 3181 799 3287">
     <span class='ocr_line' id='line_1_17' title="bbox 174 3181 799 3287; baseline -0.003 -29"><span class='ocrx_word' id='word_1_70' title='bbox 174 3186 275 3280; x_wconf 87' lang='lat' dir='ltr'>Rpe:</span> <span class='ocrx_word' id='word_1_71' title='bbox 306 3181 475 3287; x_wconf 71' lang='lat' dir='ltr'>laguesil</span> <span class='ocrx_word' id='word_1_72' title='bbox 494 3181 680 3261; x_wconf 70' lang='lat' dir='ltr'>sarboniei</span> <span class='ocrx_word' id='word_1_73' title='bbox 715 3208 746 3280; x_wconf 87' lang='lat' dir='ltr'>q.</span> <span class='ocrx_word' id='word_1_74' title='bbox 769 3208 799 3257; x_wconf 87' lang='lat' dir='ltr'>v.</span> 
     </span>
    </p>

    <p class='ocr_par' dir='ltr' id='par_1_9' title="bbox 175 3312 1375 3788">
     <span class='ocr_line' id='line_1_18' title="bbox 284 3312 1375 3406; baseline -0.002 -20"><span class='ocrx_word' id='word_1_75' title='bbox 284 3313 458 3406; x_wconf 89' lang='lat' dir='ltr'>Imprime</span> <span class='ocrx_word' id='word_1_76' title='bbox 477 3313 518 3385; x_wconf 90' lang='lat' dir='ltr'>in</span> <span class='ocrx_word' id='word_1_77' title='bbox 536 3333 605 3383; x_wconf 84' lang='lat' dir='ltr'>vas</span> <span class='ocrx_word' id='word_1_78' title='bbox 625 3312 821 3403; x_wconf 87' lang='lat' dir='ltr'>figulinum</span> <span class='ocrx_word' id='word_1_79' title='bbox 841 3315 1137 3406; x_wconf 86' lang='lat' dir='ltr'>nonvitreatum,</span> <span class='ocrx_word' id='word_1_80' title='bbox 1155 3315 1275 3387; x_wconf 84' lang='lat' dir='ltr'>donec</span> <span class='ocrx_word' id='word_1_81' title='bbox 1300 3314 1375 3385; x_wconf 88' lang='lat' dir='ltr'>lere</span> 
     </span>
     <span class='ocr_line' id='line_1_19' title="bbox 175 3439 1375 3535; baseline -0.002 -22"><span class='ocrx_word' id='word_1_82' title='bbox 175 3441 359 3534; x_wconf 89' lang='lat' dir='ltr'>repletum</span> <span class='ocrx_word' id='word_1_83' title='bbox 378 3439 498 3531; x_wconf 86' lang='lat' dir='ltr'>suerit,</span> <span class='ocrx_word' id='word_1_84' title='bbox 519 3440 698 3533; x_wconf 81' lang='lat' dir='ltr'>operculo</span> <span class='ocrx_word' id='word_1_85' title='bbox 715 3440 869 3531; x_wconf 89' lang='lat' dir='ltr'>figulino</span> <span class='ocrx_word' id='word_1_86' title='bbox 879 3441 1057 3535; x_wconf 87' lang='lat' dir='ltr'>imposito</span> <span class='ocrx_word' id='word_1_87' title='bbox 1078 3442 1232 3533; x_wconf 76' lang='lat' dir='ltr'>calefiat,</span> <span class='ocrx_word' id='word_1_88' title='bbox 1253 3461 1375 3533; x_wconf 87' lang='lat' dir='ltr'>usque</span> 
     </span>
     <span class='ocr_line' id='line_1_20' title="bbox 177 3564 1374 3663; baseline -0.001 -23"><span class='ocrx_word' id='word_1_89' title='bbox 177 3569 367 3661; x_wconf 90' lang='lat' dir='ltr'>dumpars</span> <span class='ocrx_word' id='word_1_90' title='bbox 379 3589 399 3640; x_wconf 89' lang='lat' dir='ltr'>e</span> <span class='ocrx_word' id='word_1_91' title='bbox 410 3566 532 3640; x_wconf 91' lang='lat' dir='ltr'>medio</span> <span class='ocrx_word' id='word_1_92' title='bbox 543 3587 694 3639; x_wconf 88' lang='lat' dir='ltr'>massae</span> <span class='ocrx_word' id='word_1_93' title='bbox 711 3574 993 3661; x_wconf 73' lang='lat' dir='ltr'>exemplatum</span> <span class='ocrx_word' id='word_1_94' title='bbox 1009 3592 1109 3663; x_wconf 87' lang='lat' dir='ltr'>aqua</span> <span class='ocrx_word' id='word_1_95' title='bbox 1123 3564 1250 3657; x_wconf 83' lang='lat' dir='ltr'>mixta,</span> <span class='ocrx_word' id='word_1_96' title='bbox 1268 3567 1374 3640; x_wconf 84' lang='lat' dir='ltr'>acido</span> 
     </span>
     <span class='ocr_line' id='line_1_21' title="bbox 176 3694 1157 3788; baseline 0 -19"><span class='ocrx_word' id='word_1_97' title='bbox 176 3696 356 3769; x_wconf 84' lang='lat' dir='ltr'>sulfurico</span> <span class='ocrx_word' id='word_1_98' title='bbox 377 3696 493 3768; x_wconf 89' lang='lat' dir='ltr'>diluto</span> <span class='ocrx_word' id='word_1_99' title='bbox 515 3694 638 3767; x_wconf 85' lang='lat' dir='ltr'>affuso</span> <span class='ocrx_word' id='word_1_100' title='bbox 658 3714 737 3766; x_wconf 89' lang='lat' dir='ltr'>non</span> <span class='ocrx_word' id='word_1_101' title='bbox 757 3695 917 3788; x_wconf 90' lang='lat' dir='ltr'>amplius</span> <span class='ocrx_word' id='word_1_102' title='bbox 939 3697 1157 3769; x_wconf 78' lang='lat' dir='ltr'>effervescit.</span> 
     </span>
    </p>

    <p class='ocr_par' dir='ltr' id='par_1_10' title="bbox 175 3821 1373 4027">
     <span class='ocr_line' id='line_1_22' title="bbox 284 3821 1373 3916; baseline 0.001 -20"><span class='ocrx_word' id='word_1_103' title='bbox 284 3824 416 3896; x_wconf 88' lang='lat' dir='ltr'>Massa</span> <span class='ocrx_word' id='word_1_104' title='bbox 442 3822 660 3914; x_wconf 82' lang='lat' dir='ltr'>refrigerata</span> <span class='ocrx_word' id='word_1_105' title='bbox 690 3821 820 3894; x_wconf 89' lang='lat' dir='ltr'>statim</span> <span class='ocrx_word' id='word_1_106' title='bbox 847 3843 939 3895; x_wconf 90' lang='lat' dir='ltr'>vase</span> <span class='ocrx_word' id='word_1_107' title='bbox 968 3825 1107 3916; x_wconf 88' lang='lat' dir='ltr'>optime</span> <span class='ocrx_word' id='word_1_108' title='bbox 1137 3825 1266 3898; x_wconf 86' lang='lat' dir='ltr'>clauso</span> <span class='ocrx_word' id='word_1_109' title='bbox 1296 3845 1373 3897; x_wconf 90' lang='lat' dir='ltr'>ser·</span> 
     </span>
     <span class='ocr_line' id='line_1_23' title="bbox 175 3952 386 4027; baseline -0.014 0"><span class='ocrx_word' id='word_1_110' title='bbox 175 3957 295 4027; x_wconf 87' lang='lat' dir='ltr'>vetur.</span> <span class='ocrx_word' id='word_1_111' title='bbox 380 3952 386 3961; x_wconf 88' lang='lat'>&#39;</span> 
     </span>
    </p>

    <p class='ocr_par' dir='ltr' id='par_1_11' title="bbox 176 4075 1376 4837">
     <span class='ocr_line' id='line_1_24' title="bbox 283 4075 1373 4171; baseline -0.001 -19"><span class='ocrx_word' id='word_1_112' title='bbox 283 4078 411 4152; x_wconf 90' lang='lat' dir='ltr'>Pulvis</span> <span class='ocrx_word' id='word_1_113' title='bbox 442 4076 563 4164; x_wconf 69' lang='lat' dir='ltr'>albus</span> <span class='ocrx_word' id='word_1_114' title='bbox 591 4075 694 4165; x_wconf 78' lang='lat' dir='ltr'>levia,</span> <span class='ocrx_word' id='word_1_115' title='bbox 715 4076 753 4147; x_wconf 88' lang='lat' dir='ltr'>in</span> <span class='ocrx_word' id='word_1_116' title='bbox 788 4099 887 4170; x_wconf 87' lang='lat' dir='ltr'>aqua</span> <span class='ocrx_word' id='word_1_117' title='bbox 914 4080 993 4157; x_wconf 88' lang='lat' dir='ltr'>fere</span> <span class='ocrx_word' id='word_1_118' title='bbox 1021 4080 1242 4171; x_wconf 75' lang='lat' dir='ltr'>insolubilis</span> <span class='ocrx_word' id='word_1_119' title='bbox 1271 4101 1373 4152; x_wconf 83' lang='lat' dir='ltr'>reac-</span> 
     </span>
     <span class='ocr_line' id='line_1_25' title="bbox 176 4201 1376 4301; baseline -0.003 -18"><span class='ocrx_word' id='word_1_120' title='bbox 176 4209 287 4283; x_wconf 82' lang='lat' dir='ltr'>tiouis</span> <span class='ocrx_word' id='word_1_121' title='bbox 319 4204 510 4292; x_wconf 86' lang='lat' dir='ltr'>alcalinae,</span> <span class='ocrx_word' id='word_1_122' title='bbox 540 4201 617 4274; x_wconf 79' lang='lat' dir='ltr'>aeri</span> <span class='ocrx_word' id='word_1_123' title='bbox 652 4205 847 4296; x_wconf 85' lang='lat' dir='ltr'>expositus</span> <span class='ocrx_word' id='word_1_124' title='bbox 882 4229 1022 4301; x_wconf 88' lang='lat' dir='ltr'>aquam</span> <span class='ocrx_word' id='word_1_125' title='bbox 1055 4214 1091 4283; x_wconf 92' lang='lat' dir='ltr'>et</span> <span class='ocrx_word' id='word_1_126' title='bbox 1120 4207 1270 4281; x_wconf 85' lang='lat' dir='ltr'>aeidum</span> <span class='ocrx_word' id='word_1_127' title='bbox 1299 4229 1376 4279; x_wconf 85' lang='lat' dir='ltr'>ear·</span> 
     </span>
     <span class='ocr_line' id='line_1_26' title="bbox 177 4330 1375 4429; baseline -0.005 -18"><span class='ocrx_word' id='word_1_128' title='bbox 177 4337 352 4411; x_wconf 80' lang='lat' dir='ltr'>bonicum</span> <span class='ocrx_word' id='word_1_129' title='bbox 382 4330 556 4418; x_wconf 89' lang='lat' dir='ltr'>adtrahit,</span> <span class='ocrx_word' id='word_1_130' title='bbox 591 4351 677 4402; x_wconf 83' lang='lat' dir='ltr'>eum</span> <span class='ocrx_word' id='word_1_131' title='bbox 697 4352 795 4423; x_wconf 90' lang='lat' dir='ltr'>aqua</span> <span class='ocrx_word' id='word_1_132' title='bbox 828 4334 1020 4425; x_wconf 83' lang='lat' dir='ltr'>tepidam</span> <span class='ocrx_word' id='word_1_133' title='bbox 1051 4336 1193 4429; x_wconf 89' lang='lat' dir='ltr'>pultem</span> <span class='ocrx_word' id='word_1_134' title='bbox 1225 4341 1375 4407; x_wconf 86' lang='lat' dir='ltr'>tenuem</span> 
     </span>
     <span class='ocr_line' id='line_1_27' title="bbox 176 4458 1374 4555; baseline -0.006 -14"><span class='ocrx_word' id='word_1_135' title='bbox 176 4469 365 4555; x_wconf 84' lang='lat' dir='ltr'>redactus,</span> <span class='ocrx_word' id='word_1_136' title='bbox 395 4458 498 4537; x_wconf 92' lang='lat' dir='ltr'>brevi</span> <span class='ocrx_word' id='word_1_137' title='bbox 529 4462 699 4549; x_wconf 86' lang='lat' dir='ltr'>tempore</span> <span class='ocrx_word' id='word_1_138' title='bbox 732 4459 770 4531; x_wconf 89' lang='lat' dir='ltr'>in</span> <span class='ocrx_word' id='word_1_139' title='bbox 801 4462 1003 4553; x_wconf 86' lang='lat' dir='ltr'>gelatiuam</span> <span class='ocrx_word' id='word_1_140' title='bbox 1032 4464 1120 4537; x_wconf 91' lang='lat' dir='ltr'>abit.</span> <span class='ocrx_word' id='word_1_141' title='bbox 1160 4461 1277 4535; x_wconf 83' lang='lat' dir='ltr'>Aeido</span> <span class='ocrx_word' id='word_1_142' title='bbox 1308 4463 1374 4554; x_wconf 80' lang='lat' dir='ltr'>hy-</span> 
     </span>
     <span class='ocr_line' id='line_1_28' title="bbox 177 4582 1375 4677; baseline 0.001 -17"><span class='ocrx_word' id='word_1_143' title='bbox 177 4597 410 4673; x_wconf 63' lang='lat' dir='ltr'>drochloriffl</span> <span class='ocrx_word' id='word_1_144' title='bbox 440 4586 556 4659; x_wconf 84' lang='lat' dir='ltr'>diluto</span> <span class='ocrx_word' id='word_1_145' title='bbox 592 4582 672 4657; x_wconf 90' lang='lat' dir='ltr'>siue</span> <span class='ocrx_word' id='word_1_146' title='bbox 706 4588 988 4666; x_wconf 84' lang='lat' dir='ltr'>effervescentia</span> <span class='ocrx_word' id='word_1_147' title='bbox 1027 4591 1198 4677; x_wconf 88' lang='lat' dir='ltr'>solvitur;</span> <span class='ocrx_word' id='word_1_148' title='bbox 1239 4590 1375 4663; x_wconf 88' lang='lat' dir='ltr'>solutio</span> 
     </span>
     <span class='ocr_line' id='line_1_29' title="bbox 177 4718 1376 4837; baseline -0.008 -39"><span class='ocrx_word' id='word_1_149' title='bbox 177 4726 338 4816; x_wconf 83' lang='lat' dir='ltr'>decolor,</span> <span class='ocrx_word' id='word_1_150' title='bbox 374 4726 499 4799; x_wconf 92' lang='lat' dir='ltr'>addita</span> <span class='ocrx_word' id='word_1_151' title='bbox 525 4724 695 4837; x_wconf 81' lang='lat' dir='ltr'>miscella</span> <span class='ocrx_word' id='word_1_152' title='bbox 722 4738 767 4790; x_wconf 81' lang='lat' dir='ltr'>ex</span> <span class='ocrx_word' id='word_1_153' title='bbox 803 4721 993 4793; x_wconf 87' lang='lat' dir='ltr'>ammonio</span> <span class='ocrx_word' id='word_1_154' title='bbox 1028 4718 1196 4791; x_wconf 84' lang='lat' dir='ltr'>chlorato</span> <span class='ocrx_word' id='word_1_155' title='bbox 1231 4722 1267 4790; x_wconf 87' lang='lat' dir='ltr'>et</span> <span class='ocrx_word' id='word_1_156' title='bbox 1300 4739 1376 4789; x_wconf 91' lang='lat' dir='ltr'>am-</span> 
     </span>
    </p>
   </div>
   <div class='ocr_carea' id='block_1_7' title="bbox 0 0 1765 5450">
    <p class='ocr_par' dir='ltr' id='par_1_12' title="bbox 0 0 1765 5450">
     <span class='ocr_line' id='line_1_30' title="bbox 0 0 1765 5450; baseline 0 0"><span class='ocrx_word' id='word_1_157' title='bbox 0 0 1765 5450; x_wconf 95' lang='lat' dir='ltr'> </span> 
     </span>
    </p>
   </div>
  </div>
 </body>
</html>
