3500 5450
885 543 1173 614 --060-Ι

514 760 608 833 Cum
637 759 785 852 aequali
803 760 970 851 pondere
990 758 1142 851 spiritus
1162 756 1236 829 vini
1257 755 1486 829 concontrati
1506 755 1602 827 solu·

404 890 548 961 tionem
566 886 754 979 praebeat,
775 909 870 979 quae
887 887 1023 960 filtrata
1038 890 1073 958 et
1089 890 1289 977 evaporata
1302 904 1470 957 massam
1485 882 1601 954 lusco·

406 1014 686 1101 ssavescentem,
714 1000 951 1105 pellucidam,
980 1014 1019 1085 in
1047 1012 1198 1086 aethere
1226 1011 1380 1104 limpide
1410 1010 1602 1083 solubilem

402 1141 494 1214 relin
521 1147 598 1215 uat.

497 1163 731 1361 qAntequam
742 1268 978 1357 adhibeatur,
993 1268 1031 1340 in
1046 1267 1212 1360 pondere
1223 1287 1294 1339 suo
1310 1265 1463 1338 dimidio
1474 1266 1601 1337 benzol

402 1395 560 1485 solutus
580 1395 756 1468 filtrando
777 1399 814 1468 et
834 1395 1072 1488 evaporando
1094 1395 1333 1486 depurandus
1355 1397 1423 1465 est.

725 1679 926 1790 Succos
951 1679 1287 1822 hiquiritiae.

513 1887 731 1960 Extractnm
751 1908 771 1959 e
790 1886 914 1960 radice
928 1885 1143 1979 Liquiritiae
1164 1885 1286 1958 scissa
1305 1886 1501 1978 coquendo
1521 1907 1602 1958 cum

273 2084 276 2087 ,
402 2035 511 2103 aqna,
546 2013 789 2107 exprimendo
824 2018 861 2086 et
894 2014 1132 2105 evaporando
1161 2019 1343 2106 paratum,
1382 2013 1539 2086 occurrit
1565 2013 1602 2085 in

402 2140 546 2213 bacillis
568 2140 794 2232 cylindricis
823 2141 970 2213 circiter
996 2140 1208 2232 quindecim
1232 2140 1450 2213 centimetra
1469 2140 1600 2231 longisi

399 2289 517 2341 unum
538 2273 575 2341 et
593 2268 787 2343 dimidium
819 2268 867 2340 ad
896 2268 971 2340 duo
992 2268 1210 2340 centimetra
1238 2267 1387 2355 crassis
1408 2268 1599 2360 superficie

399 2394 579 2484 laevibuS,
598 2396 725 2487 nigris,
746 2396 861 2484 duris
882 2396 951 2468 sed
967 2395 1090 2468 calore
1105 2395 1422 2483 mollescentibuS,
1443 2396 1601 2468 fractura

399 2522 472 2595 late
495 2524 699 2615 conchatis²
713 2524 929 2611 nitentibus
944 2522 983 2595 in
998 2522 1214 2614 fragmentis
1229 2523 1404 2596 tenuibus
1420 2521 1599 2615 semi-pel-

398 2649 542 2743 lucidis
557 2651 683 2741 luscis,
699 2651 826 2725 odoris
841 2650 1051 2744 peculiaris,
1069 2650 1214 2742 saporis
1230 2651 1393 2724 suaviter
1407 2650 1598 2743 perdulcis.

506 2777 636 2851 Partes
663 2783 812 2852 centurn
838 2779 984 2866 mercia,
1013 2799 1112 2870 aqua
1140 2775 1263 2850 calore
1294 2779 1368 2851 50⁰
1396 2799 1474 2850 non
1493 2799 1596 2869 snpe-

398 2910 504 2978 rante
521 2905 737 2992 exhaustae,
756 2926 804 2977 ne
828 2904 1040 2997 relinquant
1058 2904 1144 2997 plus
1165 2926 1277 2997 qnam
1298 2905 1425 2997 viginti
1440 2905 1597 2997 quinque

397 3037 534 3125 partes.
564 3032 619 3104 Ne
640 3032 689 3105 sit
706 3032 902 3124 mquinata
921 3034 1040 3106 farina
1060 3034 1269 3121 cerealium,
1289 3033 1413 3124 amylo
1433 3039 1498 3106 aut
1517 3034 1596 3105 dex·

401 3160 511 3248 trine,
532 3159 787 3252 exploratione
803 3159 1072 3252 microscopica
1086 3161 1192 3233 iacile
1209 3160 1486 3254 dignoscendis.

506 3286 565 3360 Ad
580 3308 693 3360 usum
707 3286 1052 3379 pharmaceuticum
1067 3283 1202 3364 Succos
1216 3284 1427 3387 hiqniritiae
1443 3285 1594 3389 dopm-

402 3415 474 3508 tus,
497 3435 517 3486 e
546 3413 668 3487 venali
696 3414 880 3487 solvendo
898 3416 937 3487 in
966 3436 1065 3508 aqua
1092 3416 1234 3509 frigida,
1262 3417 1438 3490 filtrando
1460 3421 1497 3490 et
1515 3439 1592 3489 eva-

400 3541 571 3633 porando
590 3546 848 3634 praeparatus
868 3543 1101 3617 adhibeatur.

505 3666 618 3741 Porta
647 3666 866 3764 Isiquivitice
880 3671 986 3765 flava.

713 3954 897 4065 Sullur
935 3956 1279 4099 depuratum.

782 4147 924 4228 Flores
944 4148 1106 4227 sulfuris
1129 4151 1211 4230 loti.

395 4304 494 4398 Rpe:
530 4299 688 4381 Sullanis
708 4300 893 4382 sublimati
948 4315 1152 4405 prammato
1172 4316 1307 4382 centum
1524 4313 1589 4384 100

396 4435 544 4505 contere
563 4451 649 4504 cum

532 4554 654 4656 Aqua
675 4556 886 4638 destillans
939 4566 1112 4659 promotis
1130 4566 1355 4663 emtuayinta
1546 4568 1589 4639 70

532 4681 736 4763 Antoniae
790 4688 964 4785 promotis
983 4690 1103 4764 decerit.
1547 4698 1588 4769 10
