3500 5450
856 523 1099 595 -but-

788 881 966 991 Radix
990 881 1164 992 leidis.

805 1146 1001 1226 Rhizoma
1022 1145 1152 1225 Iridis

493 1378 566 1451 Iris
599 1378 809 1451 Germanico
838 1378 975 1467 Linn,
1014 1379 1087 1451 Iris
1114 1378 1256 1474 pallido
1285 1379 1507 1451 Lamarck
1536 1385 1574 1452 et

374 1507 445 1578 tris
493 1506 698 1579 Florentino
734 1506 877 1595 Linn,
924 1508 1075 1599 plantae
1112 1507 1310 1597 redivivae,
1348 1507 1386 1578 in
1425 1507 1573 1599 Europa

375 1635 595 1708 australiore
614 1634 821 1727 indigenae,
840 1636 1021 1728 imprimis
1050 1635 1088 1707 in
1105 1634 1211 1708 Italia
1230 1634 1422 1726 superiore
1443 1637 1571 1709 cultae.

376 1761 566 1834 Iridaccue.
1465 1772 1467 1775 ’

483 1927 667 2000 Rhizenia
699 1927 925 2001 horizontale
955 1929 1321 2014 furcam-ramosum,
1356 1928 1570 2000 constricto·

375 2055 613 2129 articulatum
639 2056 906 2129 decorticatum
932 2061 968 2128 ct
988 2058 1180 2147 siccatum,
1211 2055 1365 2128 odorem
1393 2057 1572 2129 violarum

375 2204 569 2274 spargens,
608 2184 768 2256 occurrit
800 2184 838 2255 iu
871 2184 1011 2274 frustis
1046 2183 1306 2256 constantibus
1336 2204 1382 2255 ex
1410 2184 1572 2257 articulis

376 2309 544 2401 singulis
561 2310 657 2383 binis
677 2311 851 2401 ternisve,
866 2312 987 2384 rarius
1002 2312 1171 2403 pluribus
1186 2312 1282 2383 inter
1298 2331 1340 2383 se
1356 2310 1573 2403 conjunctis,

375 2459 495 2529 usque
515 2439 563 2512 ad
583 2438 826 2512 decimetrum
844 2441 979 2533 longia,
1000 2440 1071 2513 tria
1099 2439 1148 2512 ad
1177 2445 1338 2532 quatuor
1358 2440 1572 2513 centimetra

376 2566 471 2654 latis
491 2566 691 2658 tuberosiS,
710 2568 934 2659 plerumque
954 2569 1075 2641 ovatis
1096 2573 1161 2641 aut
1176 2568 1359 2659 ovalibuS,
1374 2568 1571 2660 depressis,

363 2682 497 2767 ¹rarius
541 2694 834 2787 subcylindricis,
880 2696 993 2770 latere
1032 2696 1222 2788 superiore
1259 2696 1372 2788 paulo
1410 2717 1573 2770 convexo

378 2822 543 2913 vestigiis
582 2823 754 2896 foliorum
794 2825 963 2897 obsoleta
1009 2825 1207 2911 annulatis,
1244 2825 1358 2897 latere
1405 2825 1573 2897 inferiore

377 2949 562 3041 subplano
581 2950 771 3024 radicibus
796 2953 950 3025 resectis
970 2954 1110 3025 minute
1139 2952 1369 3034 cicatrisatis,
1391 2951 1484 3023 albis
1509 2958 1573 3024 aut

376 3075 519 3165 albidis,
538 3079 771 3169 ponderosis
794 3079 909 3168 duris,
929 3079 967 3151 in
995 3080 1158 3153 fractura
1183 3080 1331 3171 aequali
1360 3080 1569 3172 compactis,

374 3205 560 3278 sarinosis.

485 3370 607 3442 Sectio
639 3375 857 3443 transversa
885 3371 1020 3464 probat
1049 3374 1209 3443 stratum
1238 3369 1420 3459 corticale,
1440 3370 1569 3442 coloris

375 3498 459 3586 albi,
489 3498 581 3570 satis
601 3501 805 3588 angustum
837 3502 874 3570 et
891 3503 1036 3590 partem
1066 3497 1267 3569 centralem
1294 3497 1569 3589 amplissimam,

377 3626 601 3718 plerumque
632 3625 767 3698 coloris
797 3648 816 3699 e
846 3625 1159 3714 subflavo-albidi,
1179 3624 1364 3697 fasciculis
1398 3646 1570 3697 vasorum

372 3753 532 3845 sparsiS,
579 3774 713 3825 versus
766 3754 1072 3826 endodermidem
1124 3751 1411 3825 subtilissimum
1449 3753 1566 3845 copio-

373 3880 544 3953 sioribus
582 3879 625 3952 ln
644 3881 936 3973 parenchymate
956 3880 1183 3970 rhizomatis,
1205 3885 1370 3952 scatente
1407 3881 1567 3972 granulis

372 4008 484 4098 amyli
532 4007 760 4100 simplicibus
797 4009 1018 4100 plerumque
1057 4007 1240 4098 oblongis,
1279 4008 1318 4079 in
1355 4029 1430 4079 una
1466 4013 1566 4100 parte

371 4121 562 4224 truncabs
592 4137 714 4229 ample
744 4137 941 4226 excavatis,
971 4137 1209 4208 inveniuntur
1237 4157 1461 4208 numerosae
1489 4158 1564 4226 cry·

371 4263 469 4336 stalli
488 4264 724 4355 prismaticae
745 4265 908 4356 grandes
931 4264 1033 4336 calcii
1053 4263 1186 4335 oxalici
1206 4264 1244 4335 in
1263 4263 1429 4336 utriculis
1449 4268 1564 4334 tener·

370 4413 483 4463 rrmrs.

418 4604 423 4614 ·
479 4554 602 4626 Puluis
620 4554 843 4644 dentifricius
863 4556 972 4627 attus.
