3500 5450
661 540 904 612 -173-

183 761 328 834 thinam
342 760 543 848 redolente,
560 764 624 833 aut
638 758 777 852 polline
789 757 903 849 coryli
914 758 1146 849 aliarumque
1157 756 1381 850 plantarum,

180 889 252 964 sub
268 887 513 982 microscopio
529 888 651 959 forma
666 886 886 961 cellularum
902 885 1091 975 differenti,
1109 905 1231 976 neque
1248 884 1382 977 amylo

179 1021 301 1093 forma
320 1036 526 1109 granorum
545 1019 581 1088 et
600 1013 788 1087 reactione
805 1011 885 1104 jodi
904 1011 1011 1084 facile
1032 1011 1289 1084 discernendo

687 1297 872 1406 bladis.

288 1505 473 1603 Mpristico
509 1505 691 1602 fragrans
725 1504 970 1595 Houttuyn,
1020 1502 1131 1575 arbor
1168 1503 1207 1575 in
1245 1501 1380 1577 insulis

178 1636 356 1710 Moluccis
377 1655 560 1708 crescens.
583 1633 853 1731 Myristicaceae.

287 1765 427 1840 Arillns
438 1785 568 1838 semen
578 1764 779 1854 obducens
790 1783 923 1835 recens
934 1762 1378 1854 carnosussangnineus,

177 1895 340 1967 siccatus
360 1892 510 1966 exhibet
541 1892 708 1965 tunicam
729 1891 1010 1979 subcarnosam,
1029 1889 1377 1979 luteo-coccineam,

179 2023 359 2115 fragilem,
387 2020 576 2114 pinguiter
594 2019 783 2109 nitentem,
813 2022 916 2092 tactu
952 2017 1141 2110 pinguem,
1170 2018 1254 2090 basi
1279 2038 1377 2090 cam-

178 2149 360 2243 panulata
396 2149 633 2242 perforatam,
672 2167 826 2220 sursum
862 2146 1027 2218 laceram
1061 2149 1096 2217 et
1128 2144 1379 2236 irregulariter

178 2277 413 2365 multifidam,
441 2274 587 2349 laciniis
613 2273 825 2364 linearibus
855 2273 960 2367 apice
989 2272 1377 2347 denticulato-incisis.

238 2413 244 2426 '
289 2404 449 2478 Obvenit
465 2404 503 2477 in
524 2408 777 2476 mercaturae
804 2401 992 2493 tinteger,
1027 2421 1279 2494 compressus
1314 2405 1379 2473 aut

177 2534 218 2606 in
236 2531 468 2624 fragmentis.
509 2529 612 2603 Odor
630 2529 828 2622 peculiaris
859 2533 963 2621 grate
993 2527 1229 2618 aromaticus,
1264 2549 1379 2621 sapor

178 2660 319 2734 fervide
339 2658 576 2733 aromaticus

290 2790 397 2885 Aqua
416 2787 612 2860 aromatico
630 2786 831 2882 spiritunon.

416 3056 755 3200 Magnesiam
782 3055 1148 3166 curbonicum.

615 3268 825 3373 Magnesia
838 3268 941 3346 alba.

288 3446 415 3519 Massa
433 3446 695 3539 pulverulenta
713 3444 914 3533 levissima,
934 3445 1030 3536 alba,
1052 3445 1089 3518 in
1104 3466 1205 3537 aqna
1224 3444 1300 3517 fere
1319 3443 1373 3516 in·

178 3574 360 3663 solubilia,
387 3573 425 3645 in
446 3573 552 3646 acido
571 3573 748 3647 sulfurico
769 3574 886 3646 diluto
908 3573 979 3646 sub
1000 3571 1281 3647 effervescentia
1301 3572 1376 3644 sol·

179 3702 286 3789 vitur,
308 3701 445 3774 solutio
462 3701 596 3774 coloris
613 3721 757 3794 expers
779 3701 905 3774 addita
919 3699 1096 3788 miscella,
1113 3721 1158 3771 ex
1175 3699 1376 3788 ammonia,

179 3828 370 3900 ammonio
420 3827 589 3901 chlorato
630 3833 667 3901 et
712 3828 832 3902 natrio
865 3828 1121 3922 phosphorico
1156 3826 1375 3918 composita,

179 3955 431 4028 sedimentum
451 3956 577 4029 album
596 3956 853 4048 crystallinum
872 3955 1041 4028 demittit.

287 4082 522 4175 Magnesium
556 4083 799 4157 carbonicum
829 4104 928 4176 aqua
968 4082 1154 4155 destillata
1188 4102 1373 4174 conquas-

179 4215 312 4301 satum,
336 4214 533 4282 coctumet
551 4210 731 4283 filtratum
751 4211 934 4303 liquorem
947 4211 1139 4303 praebeat,
1163 4210 1225 4303 qui
1242 4209 1288 4281 ad
1304 4208 1374 4281 sic·

179 4337 1374 4431 cnmevaporatusperexiguumdumtaxatresiduumrelinquat.

287 4465 428 4538 Solutio
463 4486 609 4557 aquosa
629 4487 699 4558 ope
720 4466 815 4538 acidi
844 4466 975 4539 acetici
1009 4466 1144 4541 effecta
1176 4487 1245 4538 nec
1275 4486 1375 4557 aqua

177 4593 484 4685 hydrosulfurata
503 4615 584 4682 nec,
610 4593 642 4665 si
672 4595 904 4666 ammonium
929 4595 1139 4668 chloratnm
1168 4600 1204 4667 et
1224 4594 1374 4667 abunde

178 4720 406 4792 ammoniam
423 4720 622 4810 addideris
640 4721 829 4792 ammonio
849 4722 1033 4794 sulfurato
1047 4727 1227 4809 mutetur3
1244 4720 1376 4793 eadem
1525 4785 1531 4797 .
