3500 5450
916 547 1104 618 ..4-

516 760 860 873 Aornum
899 761 1496 874 arsenicomm.
1572 726 1576 733 ⁸

798 988 1046 1067 Arsonioum
1071 989 1216 1067 album.

513 1203 743 1295 Requiratur
762 1201 801 1274 in
819 1201 959 1274 massis
979 1205 1087 1274 extus
1107 1202 1308 1293 plurimum
1335 1201 1448 1291 albis,
1470 1202 1611 1295 opacis

407 1331 511 1402 intus
532 1329 671 1419 vitreis,
690 1329 775 1421 plus
794 1328 967 1402 minusve
987 1328 1194 1420 pellucidis.

513 1457 556 1529 ln
584 1457 676 1529 tubo
705 1455 821 1528 vitreo
852 1456 1073 1529 calefactum
1101 1456 1212 1548 plane
1242 1455 1376 1544 avolet,
1405 1455 1610 1529 sublimato

406 1585 492 1658 albo
519 1584 663 1657 effecto.
687 1582 825 1655 Prunis
852 1582 1099 1656 candentibus
1125 1581 1306 1674 injectum
1326 1583 1482 1656 odorem
1508 1583 1611 1656 allia·

407 1733 514 1784 ceum
535 1710 690 1803 spargit.

512 1837 556 1910 In
582 1839 712 1911 decem
731 1838 903 1930 partibus
923 1838 1135 1910 ammoniae
1163 1836 1235 1910 sub
1256 1837 1330 1909 leni
1351 1837 1474 1911 calore
1496 1839 1609 1931 plane

406 1967 590 2052 solvatur;
611 1966 705 2037 haec
721 1965 871 2053 solutio,
888 1964 995 2036 acido
1010 1963 1295 2056 hydrochlorico
1312 1971 1609 2057 supersaturata,

406 2092 570 2167 colorem
584 2093 725 2165 ssavum
744 2113 790 2164 ne
812 2091 979 2184 accipiat,
1001 2113 1095 2165 neve
1111 2091 1397 2184 praecipitatum
1412 2092 1610 2185 producat,

406 2220 481 2293 imo
527 2241 628 2311 aqua
674 2218 982 2311 hydrosulfurata
1022 2219 1149 2292 addita
1188 2219 1317 2292 statim
1353 2218 1611 2293 sedimentum

405 2347 549 2420 luteum
569 2346 718 2435 efficiat,
753 2347 856 2438 quod
884 2346 1020 2437 frigore
1049 2347 1208 2419 mixtum
1232 2348 1270 2423 in
1297 2348 1489 2420 ammonia
1512 2369 1611 2440 pura

406 2474 466 2547 vel
486 2473 677 2546 ammonio
697 2473 897 2546 carbonico
918 2474 1029 2565 plane
1050 2474 1229 2546 solvatur.

518 2599 654 2674 solutio
674 2601 874 2673 arsuricalr's
895 2599 1052 2672 Fowlcri.

657 2904 666 2920 ο
718 2962 937 3071 liuidum
964 2963 1296 3078 bennoioum.

514 3187 685 3280 Crystalli
705 3209 724 3259 e
748 3187 897 3260 Benzoe
919 3186 1183 3259 sublimatione
1209 3191 1380 3278 paratae,
1413 3187 1611 3260 subflavae

388 3293 463 3387 'vel
485 3317 614 3402 flavae,
636 3314 839 3387 aniculares
863 3314 922 3387 vel
942 3313 1129 3401 soli-accae,
1150 3313 1280 3385 nitoris
1300 3314 1440 3402 sericei,
1460 3314 1611 3406 saporis

407 3442 553 3530 aciduli,
573 3442 699 3515 odoris
719 3441 902 3515 benzoini.

512 3569 555 3641 In
571 3590 670 3661 aqua
684 3568 818 3660 frigida
834 3568 989 3658 difficile,
1010 3569 1047 3640 in
1066 3569 1210 3641 fervida
1228 3589 1298 3640 nec
1317 3590 1395 3641 nou
1415 3569 1453 3641 in
1475 3568 1611 3661 spiritu

406 3697 492 3785 vini,
520 3697 560 3769 iu
589 3695 738 3769 aethere
759 3701 795 3767 et
822 3695 861 3768 in
891 3695 1154 3768 chlorolormio
1183 3718 1254 3769 nce
1282 3717 1361 3769 non
1389 3695 1428 3767 in
1457 3695 1610 3769 aethere

404 3825 560 3919 petrolei
589 3823 695 3897 facile
722 3822 934 3895 solvuntur.
980 3823 1123 3896 Solutio
1143 3846 1291 3916 aquosa
1312 3822 1433 3897 calida
1457 3823 1608 3914 refrige-

405 3953 524 4026 rando
554 3950 736 4040 turbatur,
766 3950 873 4022 lactis
901 3951 976 4022 fere
998 3950 1164 4041 speciem
1183 3951 1380 4044 praebens
1403 3955 1610 4043 antequam

408 4077 574 4171 crystalli
593 4077 801 4150 aciculares
823 4082 1062 4149 enascuntur.

514 4204 672 4277 Acidum
714 4203 935 4276 benzoicum
970 4225 1055 4277 cum
1093 4205 1296 4297 vaporibus
1336 4226 1458 4297 aquae
1496 4205 1610 4298 plane

407 4333 542 4406 avolat.
570 4330 613 4403 lu
631 4330 772 4403 lamina
790 4330 956 4422 platiuea
976 4333 1218 4405 fervefactum
1237 4333 1421 4425 liquescit,
1446 4355 1610 4427 vapores

406 4461 534 4532 lauces
552 4464 764 4551 pungentes
786 4459 993 4552 tussimque
1014 4460 1218 4531 excitantes
1240 4460 1427 4551 evolvens,
1456 4461 1611 4533 tandem

405 4589 558 4660 flamma
596 4586 719 4659 lucida
757 4585 860 4658 nullo
900 4587 1052 4659 omnino
1090 4586 1243 4660 residuo
1281 4594 1504 4660 remanente
1543 4588 1610 4659 ab·

409 4711 583 4786 sumitur.
