3500 5450
889 547 1078 620 „g-

494 764 661 857 Argento
690 765 821 839 nitrico
842 765 988 857 adjecto
1018 766 1268 840 sedimentum
1289 767 1427 856 album,
1456 789 1586 841 caseo-

385 914 471 965 sum
490 892 672 984 gignitur,
709 893 811 984 quod
839 893 878 966 in
909 894 1099 966 ammonia
1127 894 1334 967 abundanti
1360 896 1420 968 vel
1448 895 1585 987 frigore

385 1020 490 1093 facile
525 1024 561 1093 et
595 1020 706 1112 plane
741 1020 910 1092 solvitur.
950 1020 1044 1092 Cum
1073 1040 1264 1113 mangano
1297 1021 1584 1114 hyperoxydato

385 1147 590 1220 calefactus
612 1147 781 1220 chiorum
802 1147 946 1220 emittit.

496 1293 655 1366 Aridum
687 1293 883 1386 quintuplo
904 1292 1093 1366 volumine
1114 1315 1237 1386 aquae
1257 1294 1465 1368 destillatae
1486 1296 1583 1369 dilu-

385 1427 465 1493 tum
477 1426 513 1493 et
526 1440 616 1511 gase
627 1419 933 1512 hydrosullurato
945 1424 1164 1508 saturatum,
1179 1442 1247 1494 nec
1263 1422 1428 1496 colorem
1441 1424 1583 1496 ssavum

387 1548 529 1636 induat,
549 1569 620 1620 nec
646 1547 934 1641 praecipitatum
963 1547 1106 1621 luteum
1133 1550 1307 1642 deponat,
1343 1552 1520 1640 etsiamsi,
1545 1553 1584 1625 in

390 1699 475 1750 vase
516 1675 646 1748 clauso
678 1674 878 1766 digestum,
912 1698 979 1770 per
1013 1677 1156 1771 aliquot
1191 1683 1339 1771 tempus
1374 1680 1586 1773 sepositum

389 1806 505 1878 luerit.
535 1804 739 1877 Amfflonia
757 1811 935 1878 neutrum
955 1807 1106 1896 facturn,
1127 1829 1213 1880 cum
1233 1808 1425 1881 ammonio
1444 1808 1583 1900 hydro-

387 1932 573 2006 sulfurato
592 1953 639 2006 ne
659 1937 836 2007 mutetur.

494 2079 653 2152 Acidum
686 2099 787 2171 aquo
808 2078 978 2167 dilutum,
1008 2080 1144 2151 infusis
1175 2078 1317 2174 aliquot
1346 2081 1458 2171 guttis
1477 2080 1584 2171 baryi

386 2205 516 2293 uitrici,
549 2226 597 2279 ne
617 2210 699 2277 tum
734 2204 887 2298 quidem
920 2205 1117 2293 turbetur,
1141 2206 1173 2278 si
1207 2206 1394 2278 solutione
1423 2206 1502 2297 jodi
1534 2207 1586 2279 ad

387 2332 551 2406 colorem
570 2332 710 2404 flavum
731 2331 888 2402 tinctum
909 2331 993 2418 fuit,
1022 2351 1145 2424 neque
1175 2331 1340 2404 colorem
1371 2333 1586 2405 caeruleum

387 2460 573 2547 exhibeat,
593 2462 795 2551 postquam
815 2478 902 2529 cum
926 2458 1041 2549 guttis
1061 2458 1253 2530 nonnullis
1273 2458 1470 2530 solutionis
1492 2459 1586 2531 zinci

381 2586 501 2680 jodati
521 2608 608 2659 cum
627 2587 751 2679 amylo
773 2594 1062 2680 conquassatur.

495 2734 537 2806 In
570 2736 741 2828 partibus
777 2741 927 2808 centum
962 2735 1152 2808 contiueat
1183 2741 1311 2828 partes
1340 2737 1459 2808 0306
1480 2736 1585 2826 gosis

385 2861 669 2953 hydrocblorici.
718 2863 859 2951 Quodsi
890 2883 936 2934 ex
975 2863 1140 2955 quinque
1184 2863 1410 2936 centimetris
1445 2861 1586 2934 cubicis

389 2990 429 3080 (5
451 2988 525 3079 CC)
548 2989 631 3082 ejus
651 3012 751 3081 aqua
770 2989 946 3061 diluendo
967 2990 1177 3061 efficiuntur
1197 2994 1348 3062 centum
1368 2989 1587 3062 centimetra

391 3115 521 3188 cubica
537 3118 632 3206 (100
648 3116 733 3202 CC),
753 3116 791 3188 in
808 3116 937 3188 decem
958 3116 1181 3188 centimetris
1196 3115 1334 3189 cubicis
1349 3116 1465 3208 hujus
1481 3115 1589 3188 diluti

387 3242 542 3336 liquoris
573 3245 716 3316 neutris
742 3243 958 3331 reddendis,
983 3243 1181 3315 minimum
1218 3250 1490 3318 consumantur
1522 3244 1587 3316 tri-

387 3370 489 3462 ginta
498 3393 566 3444 sex
579 3374 797 3445 centimetra
811 3372 944 3443 cubica
953 3376 990 3443 et
999 3370 1232 3444 sexdecimae
1248 3379 1375 3463 partes
1388 3373 1495 3464 (360
1508 3371 1586 3460 CC)

388 3498 589 3571 solutionis
611 3497 882 3572 acidimetricae
902 3499 1174 3571 decinormalis.

489 3858 713 3968 Aridum
737 3855 1211 4000 hydrocblorioum
1237 3856 1482 3966 dilutum.

669 4087 846 4166 Acidum
867 4086 1127 4166 muriaticam
1152 4086 1333 4165 dilutum.

387 4284 490 4376 Rpe:
525 4280 623 4358 loidi
643 4279 914 4383 bydroolrlorloi
935 4279 1159 4359 concontroti

930 4436 1128 4526 qrammoto
1146 4435 1280 4501 cerotum
1298 4431 1422 4526 oz'qinti
1507 4430 1588 4504 120

523 4555 645 4657 liquato
665 4555 873 4635 (instillatus
934 4564 1132 4653 qrornmoto
1150 4564 1281 4630 cerotum
1301 4556 1470 4630 undamn.
1508 4559 1580 4630 111
1603 4555 1607 4561 ’

522 4704 647 4777 Misce.
670 4704 724 4776 Sit
743 4703 920 4798 ponderis
944 4704 1069 4776 1000.
